1370 2574
180 271 258 309 228
585 270 858 311 NOTULAE

495 361 543 388 m
569 361 741 388 ΕΡοΒοΝ
768 361 954 389 nnana«.

243 446 335 485 VII.
365 448 427 485 12.
480 447 687 500 Nunquam
718 446 892 499 quinque
923 446 1013 486 edd.
1048 454 1227 488 vet-ntae
1243 464 1253 486 :

193 525 356 564 unquam
367 512 416 550 al.
433 524 581 551 omnes.
637 513 867 564 Complures
896 511 1078 552 Lambini
1096 513 1254 553 codices

194 590 373 629 unquam,
405 577 481 616 nisi
497 577 538 616 in
557 578 689 631 dispar
718 590 880 623 GENU83
905 590 1024 630 quam
1039 577 1253 618 lectionem

191 643 232 680 in
251 649 484 681 contextum
503 643 666 696 recepit.

245 711 308 748 13.
361 708 439 748 Pro
457 722 599 756 caecus,
625 709 757 747 Bentl.
788 721 840 748 ex
867 708 990 748 MSS.
1021 709 1254 762 quibusdam

190 786 328 812 caecos.
981 810 986 813 ,
1203 799 1206 801 >

241 839 313 877 IX.
345 840 408 879 17.
459 839 561 878 Cum
579 839 754 878 Baxtero
785 838 915 878 Bentl.
934 846 975 878 et
993 838 1116 878 Gesn.
1145 839 1255 878 dedi-

189 918 277 949 mus
294 904 441 943 adhoc.
484 904 560 943 Ed.
579 904 681 943 Ven.
717 907 829 946 1479.
861 904 1012 950 adhuc;
1040 905 1136 943 item
1165 905 1256 944 edd.

190 970 304 1009 Med.
326 973 441 1018 1486,
461 977 502 1009 et
522 972 636 1010 1502.
654 976 696 1008 at
713 969 784 1008 huc
801 970 925 1010 schol.
941 970 1064 1023 Cruq.
1089 970 1144 1009 ad
1157 969 1256 1009 hunc

191 1035 270 1074 alii.

243 1103 308 1139 25.
363 1101 587 1152 Africanum
605 1109 767 1141 tuentur
794 1101 886 1140 edd.
899 1101 1049 1141 saeculi
1067 1100 1156 1140 XV.
1169 1101 1255 1153 plu-

190 1178 275 1204 res:
303 1178 432 1217 neque
449 1166 578 1214 aliter,
606 1167 733 1220 inquit
764 1167 896 1206 Bentl.
916 1167 1144 1219 praeferunt
1162 1166 1255 1205 Pul-

190 1232 321 1270 manni
341 1232 650 1284 Bersmannique
669 1240 710 1271 et
730 1233 927 1271 Torrentii
946 1238 988 1271 et
1006 1232 1129 1271 nostri
1147 1232 1255 1271 codi-

105 1282 117 1294 ‘
189 1309 270 1335 ces.
324 1297 405 1335 Ani
426 1297 622 1349 Africano.

243 1361 295 1399 X.
335 1363 399 1400 22.
452 1362 638 1401 Porrecta
671 1376 806 1402 omnes
834 1362 923 1402 libri
954 1369 996 1401 et
1023 1361 1256 1401 scholiastae

190 1434 287 1466 vett.
343 1427 474 1464 Bentl.
504 1429 608 1479 conj.
621 1430 789 1480 projecta
819 1435 982 1479 propter
1005 1440 1088 1479 seq.
1118 1426 1258 1466 littore.

192 1493 360 1533 Codices
378 1492 556 1543 plerique
561 1493 724 1545 juverit,
748 1505 966 1544 perperam.
995 1482 998 1485 ’

240 1557 313 1596 ΧΙ.
364 1557 430 1596 De
447 1557 565 1608 hujus
583 1557 691 1596 Odes
709 1565 837 1596 metro
857 1557 1018 1597 consule
1036 1556 1168 1596 Bentl.
1186 1557 1254 1609 qui

187 1635 260 1676 pro
280 1621 410 1661 dicolo
428 1629 587 1661 strenue
605 1630 770 1674 pugnat,
784 1630 826 1661 et
838 1629 1023 1661 auctores
1036 1622 1155 1661 habet
1169 1621 1255 1661 He·
1296 1640 1299 1643 ’

186 1690 458 1743 phaestionem
477 1696 518 1727 et
536 1688 816 1727 Terentianum
837 1688 1035 1733 Maurum.

240 1757 281 1794 2.
332 1753 601 1792 Variam-libri
620 1761 703 1791 tum
719 1752 852 1804 scripti
866 1759 950 1790 tum
969 1751 1078 1791 editi.
1131 1751 1253 1791 Bent-

186 1821 253 1860 leii
270 1819 503 1877 vetustiores
524 1817 752 1871 perculsum,
781 1831 860 1856 non
883 1831 1114 1870 percussum.
1168 1816 1252 1869 Op-

188 1887 283 1931 time
302 1884 527 1923 Bentleius:
557 1889 583 1906 “
602 1882 649 1919 In
669 1895 710 1920 re
727 1882 904 1933 graviore
912 1881 1108 1935 perculsus
1125 1881 1254 1934 aptius

192 1956 220 1976 “
247 1949 481 1989 vocabulum
499 1956 582 1987 est:
610 1955 762 1995 contra,
786 1947 826 1985 in
845 1947 992 1986 leviore
1010 1945 1255 1998 affectuper-

191 2020 219 2041 “
246 2029 373 2054 cussus
404 2014 535 2066 potius
567 2013 727 2060 dixeris,
755 2013 822 2051 ubi
840 2012 991 2051 animus
1018 2010 1168 2050 scilicet
1195 2018 1254 2049 est

192 2085 221 2106 “
247 2081 357 2127 ictus,
384 2079 533 2118 saucius
547 2095 564 2124 ;
594 2092 672 2117 non
691 2090 851 2117 eversus
869 2084 1001 2116 tamen
1021 2083 1062 2115 et
1079 2083 1255 2115 conster-

192 2151 220 2172 “
247 2146 406 2184 natus.'’
1252 2192 1255 2198 ¹

243 2213 280 2250 8.
334 2208 505 2248 Bentleii
522 2209 670 2261 judicio
688 2209 851 2261 languet
870 2221 918 2248 ac
933 2209 1043 2259 ¹jacet
1060 2205 1257 2245 sententia
