<?xml version="1.0" encoding="UTF-8"?>
<!DOCTYPE html PUBLIC "-//W3C//DTD XHTML 1.0 Transitional//EN"
    "http://www.w3.org/TR/xhtml1/DTD/xhtml1-transitional.dtd">
<html xmlns="http://www.w3.org/1999/xhtml" xml:lang="en" lang="en">
 <head>
  <title>
</title>
<meta http-equiv="Content-Type" content="text/html;charset=utf-8" />
  <meta name='ocr-system' content='tesseract 3.04.00' />
  <meta name='ocr-capabilities' content='ocr_page ocr_carea ocr_par ocr_line ocrx_word'/>
</head>
<body>
  <div class='ocr_page' id='page_1' title='image "./operahunt01horauoft_0219.png"; bbox 0 0 1370 2574; ppageno 0'>
   <div class='ocr_carea' id='block_1_1' title="bbox 369 309 1148 440">
    <p class='ocr_par' dir='ltr' id='par_1_1' title="bbox 369 309 1148 440">
     <span class='ocr_line' id='line_1_1' title="bbox 483 309 1148 361; baseline -0.017 1"><span class='ocrx_word' id='word_1_1' title='bbox 483 316 753 361; x_wconf 76' lang='lat' dir='ltr'>NOTULAE</span> <span class='ocrx_word' id='word_1_2' title='bbox 1074 309 1148 351; x_wconf 77' lang='lat'><strong>187</strong></span> 
     </span>
     <span class='ocr_line' id='line_1_2' title="bbox 369 404 873 440; baseline -0.02 0"><span class='ocrx_word' id='word_1_3' title='bbox 369 411 419 440; x_wconf 74' lang='grc' dir='ltr'><strong>ιιι</strong></span> <span class='ocrx_word' id='word_1_4' title='bbox 444 410 532 438; x_wconf 72' lang='lat' dir='ltr'><strong>nn.</strong></span> <span class='ocrx_word' id='word_1_5' title='bbox 562 409 591 436; x_wconf 91' lang='lat'><strong>1.</strong></span> <span class='ocrx_word' id='word_1_6' title='bbox 622 404 873 436; x_wconf 62' lang='lat' dir='ltr'><strong>camanum.</strong></span> 
     </span>
    </p>
   </div>
   <div class='ocr_carea' id='block_1_2' title="bbox 137 484 1096 592">
    <p class='ocr_par' dir='ltr' id='par_1_2' title="bbox 137 484 1096 592">
     <span class='ocr_line' id='line_1_3' title="bbox 137 484 1096 547; baseline -0.02 -6"><span class='ocrx_word' id='word_1_7' title='bbox 137 518 303 535; x_wconf 79' lang='lat'>-—-—</span> <span class='ocrx_word' id='word_1_8' title='bbox 318 497 466 536; x_wconf 76' lang='lat' dir='ltr'><em>Haeret</em></span> <span class='ocrx_word' id='word_1_9' title='bbox 484 507 592 534; x_wconf 67' lang='lat' dir='ltr'><strong>rnna</strong></span> <span class='ocrx_word' id='word_1_10' title='bbox 603 506 686 547; x_wconf 76' lang='lat' dir='ltr'><strong>pes,</strong></span> <span class='ocrx_word' id='word_1_11' title='bbox 708 492 912 542; x_wconf 70' lang='lat' dir='ltr'><strong>deumque</strong></span> <span class='ocrx_word' id='word_1_12' title='bbox 927 485 1008 526; x_wconf 74' lang='lat' dir='ltr'><strong>viro</strong></span> <span class='ocrx_word' id='word_1_13' title='bbox 1023 484 1096 524; x_wconf 73' lang='lat' dir='ltr'><strong>vir.</strong></span> 
     </span>
     <span class='ocr_line' id='line_1_4' title="bbox 815 551 1095 592; baseline -0.021 1"><span class='ocrx_word' id='word_1_14' title='bbox 815 555 919 592; x_wconf 88' lang='lat' dir='ltr'><strong>Aen.</strong></span> <span class='ocrx_word' id='word_1_15' title='bbox 938 551 988 590; x_wconf 80' lang='grc' dir='ltr'><strong>Χ.</strong></span> <span class='ocrx_word' id='word_1_16' title='bbox 1006 553 1095 590; x_wconf 80' lang='grc'><strong>361.</strong></span> 
     </span>
    </p>
   </div>
   <div class='ocr_carea' id='block_1_3' title="bbox 147 628 1067 688">
    <p class='ocr_par' dir='ltr' id='par_1_3' title="bbox 147 628 1067 688">
     <span class='ocr_line' id='line_1_5' title="bbox 147 628 1067 688; baseline -0.02 -5"><span class='ocrx_word' id='word_1_17' title='bbox 147 643 271 683; x_wconf 77' lang='lat' dir='ltr'><em>Forte</em></span> <span class='ocrx_word' id='word_1_18' title='bbox 280 640 390 687; x_wconf 72' lang='lat' dir='ltr'><strong>ratis,</strong></span> <span class='ocrx_word' id='word_1_19' title='bbox 406 637 494 678; x_wconf 80' lang='lat' dir='ltr'><strong>celsi</strong></span> <span class='ocrx_word' id='word_1_20' title='bbox 509 638 702 688; x_wconf 62' lang='lat' dir='ltr'><strong>conjuncta</strong></span> <span class='ocrx_word' id='word_1_21' title='bbox 721 643 954 672; x_wconf 65' lang='lat' dir='ltr'><strong>cummim</strong></span> <span class='ocrx_word' id='word_1_22' title='bbox 970 628 1067 675; x_wconf 74' lang='lat' dir='ltr'><strong>saxi,</strong></span> 
     </span>
    </p>
   </div>
   <div class='ocr_carea' id='block_1_4' title="bbox 150 700 1099 797">
    <p class='ocr_par' dir='ltr' id='par_1_4' title="bbox 150 700 1086 797">
     <span class='ocr_line' id='line_1_6' title="bbox 150 700 971 760; baseline -0.017 -14"><span class='ocrx_word' id='word_1_23' title='bbox 150 705 342 760; x_wconf 61' lang='lat' dir='ltr'><strong>Equiti-t</strong></span> <span class='ocrx_word' id='word_1_24' title='bbox 357 703 480 742; x_wconf 75' lang='lat' dir='ltr'><strong>stabat</strong></span> <span class='ocrx_word' id='word_1_25' title='bbox 497 700 620 748; x_wconf 75' lang='lat' dir='ltr'><strong>scalis,</strong></span> <span class='ocrx_word' id='word_1_26' title='bbox 645 706 682 738; x_wconf 78' lang='lat' dir='ltr'><strong>et</strong></span> <span class='ocrx_word' id='word_1_27' title='bbox 691 704 808 752; x_wconf 81' lang='lat' dir='ltr'><em>ponte</em></span> <span class='ocrx_word' id='word_1_28' title='bbox 816 701 971 750; x_wconf 81' lang='lat' dir='ltr'><em>parato.</em></span> 
     </span>
     <span class='ocr_line' id='line_1_7' title="bbox 891 758 1099 797; baseline -0.01 0"><span class='ocrx_word' id='word_1_29' title='bbox 891 758 992 797; x_wconf 85' lang='lat' dir='ltr'><strong>lbid.</strong></span> <span class='ocrx_word' id='word_1_30' title='bbox 1009 759 1099 797; x_wconf 80' lang='lat'><strong>653.</strong></span> 
     </span>
    </p>
   </div>
   <div class='ocr_carea' id='block_1_5' title="bbox 103 827 717 881">
    <p class='ocr_par' dir='ltr' id='par_1_5' title="bbox 103 827 717 881">
     <span class='ocr_line' id='line_1_8' title="bbox 103 827 717 881; baseline -0.015 -6"><span class='ocrx_word' id='word_1_31' title='bbox 103 834 209 880; x_wconf 78' lang='lat' dir='ltr'><strong>Quin</strong></span> <span class='ocrx_word' id='word_1_32' title='bbox 223 833 358 881; x_wconf 74' lang='lat' dir='ltr'><strong>etiam,</strong></span> <span class='ocrx_word' id='word_1_33' title='bbox 375 833 416 871; x_wconf 87' lang='lat' dir='ltr'><strong>in</strong></span> <span class='ocrx_word' id='word_1_34' title='bbox 430 843 546 870; x_wconf 83' lang='lat' dir='ltr'><strong>versu</strong></span> <span class='ocrx_word' id='word_1_35' title='bbox 561 827 717 875; x_wconf 85' lang='lat' dir='ltr'>Lucilii,</span> 
     </span>
    </p>
   </div>
   <div class='ocr_carea' id='block_1_6' title="bbox 154 918 1152 975">
    <p class='ocr_par' dir='ltr' id='par_1_6' title="bbox 154 918 1152 975">
     <span class='ocr_line' id='line_1_9' title="bbox 154 918 1152 975; baseline -0.015 -5"><span class='ocrx_word' id='word_1_36' title='bbox 154 931 406 970; x_wconf 68' lang='lat' dir='ltr'><strong>Esunmnn</strong></span> <span class='ocrx_word' id='word_1_37' title='bbox 423 939 552 966; x_wconf 73' lang='lat' dir='ltr'><strong>mmm</strong></span> <span class='ocrx_word' id='word_1_38' title='bbox 579 940 625 964; x_wconf 70' lang='lat' dir='ltr'><strong>es</strong></span> <span class='ocrx_word' id='word_1_39' title='bbox 649 939 716 964; x_wconf 89' lang='lat' dir='ltr'><strong>ore</strong></span> <span class='ocrx_word' id='word_1_40' title='bbox 744 922 935 975; x_wconf 73' lang='lat' dir='ltr'><em>exculpere</em></span> <span class='ocrx_word' id='word_1_41' title='bbox 954 918 1152 973; x_wconf 70' lang='lat' dir='ltr'><strong>praalum,</strong></span> 
     </span>
    </p>
   </div>
   <div class='ocr_carea' id='block_1_7' title="bbox 104 1013 1156 1263">
    <p class='ocr_par' dir='ltr' id='par_1_7' title="bbox 104 1013 1155 1263">
     <span class='ocr_line' id='line_1_10' title="bbox 104 1013 1155 1071; baseline -0.012 -11"><span class='ocrx_word' id='word_1_42' title='bbox 104 1020 292 1060; x_wconf 54' lang='lat' dir='ltr'><strong>ablativus</strong></span> <span class='ocrx_word' id='word_1_43' title='bbox 308 1017 503 1071; x_wconf 81' lang='lat' dir='ltr'><strong>participii</strong></span> <span class='ocrx_word' id='word_1_44' title='bbox 521 1029 610 1055; x_wconf 90' lang='lat' dir='ltr'><strong>cum</strong></span> <span class='ocrx_word' id='word_1_45' title='bbox 634 1014 763 1053; x_wconf 86' lang='lat' dir='ltr'><strong>dativo</strong></span> <span class='ocrx_word' id='word_1_46' title='bbox 794 1013 892 1052; x_wconf 82' lang='lat' dir='ltr'><em>leoni</em></span> <span class='ocrx_word' id='word_1_47' title='bbox 922 1013 1155 1062; x_wconf 80' lang='lat' dir='ltr'><strong>conjunctus</strong></span> 
     </span>
     <span class='ocr_line' id='line_1_11' title="bbox 106 1073 1156 1138; baseline -0.014 -13"><span class='ocrx_word' id='word_1_48' title='bbox 106 1085 311 1138; x_wconf 84' lang='lat' dir='ltr'><strong>reperitur.</strong></span> <span class='ocrx_word' id='word_1_49' title='bbox 362 1083 486 1121; x_wconf 78' lang='lat' dir='ltr'><strong>Hisoe</strong></span> <span class='ocrx_word' id='word_1_50' title='bbox 503 1088 543 1120; x_wconf 86' lang='lat' dir='ltr'><strong>et</strong></span> <span class='ocrx_word' id='word_1_51' title='bbox 571 1080 759 1118; x_wconf 83' lang='lat' dir='ltr'><strong>similibus</strong></span> <span class='ocrx_word' id='word_1_52' title='bbox 776 1077 964 1129; x_wconf 83' lang='lat' dir='ltr'><strong>exemplis</strong></span> <span class='ocrx_word' id='word_1_53' title='bbox 981 1073 1156 1119; x_wconf 84' lang='lat' dir='ltr'><strong>adducti,</strong></span> 
     </span>
     <span class='ocr_line' id='line_1_12' title="bbox 105 1137 1156 1202; baseline -0.014 -12"><span class='ocrx_word' id='word_1_54' title='bbox 105 1151 178 1190; x_wconf 84' lang='lat' dir='ltr'><strong>viri</strong></span> <span class='ocrx_word' id='word_1_55' title='bbox 195 1148 351 1202; x_wconf 82' lang='lat' dir='ltr'><strong>quidam</strong></span> <span class='ocrx_word' id='word_1_56' title='bbox 368 1146 509 1186; x_wconf 83' lang='lat' dir='ltr'><strong>eruditi</strong></span> <span class='ocrx_word' id='word_1_57' title='bbox 528 1145 578 1183; x_wconf 89' lang='lat' dir='ltr'><strong>de</strong></span> <span class='ocrx_word' id='word_1_58' title='bbox 596 1143 714 1182; x_wconf 85' lang='lat' dir='ltr'><strong>dativi</strong></span> <span class='ocrx_word' id='word_1_59' title='bbox 732 1150 773 1180; x_wconf 87' lang='lat' dir='ltr'><strong>et</strong></span> <span class='ocrx_word' id='word_1_60' title='bbox 796 1140 951 1180; x_wconf 85' lang='lat' dir='ltr'><strong>ablativi</strong></span> <span class='ocrx_word' id='word_1_61' title='bbox 969 1137 1156 1177; x_wconf 83' lang='lat' dir='ltr'><strong>discrimi-</strong></span> 
     </span>
     <span class='ocr_line' id='line_1_13' title="bbox 106 1208 941 1263; baseline -0.013 -9"><span class='ocrx_word' id='word_1_62' title='bbox 106 1229 173 1263; x_wconf 77' lang='lat' dir='ltr'><strong>ne,</strong></span> <span class='ocrx_word' id='word_1_63' title='bbox 192 1227 271 1253; x_wconf 91' lang='lat' dir='ltr'><strong>non</strong></span> <span class='ocrx_word' id='word_1_64' title='bbox 289 1214 372 1251; x_wconf 84' lang='lat' dir='ltr'><strong>sine</strong></span> <span class='ocrx_word' id='word_1_65' title='bbox 390 1223 519 1257; x_wconf 83' lang='lat' dir='ltr'><strong>causa,</strong></span> <span class='ocrx_word' id='word_1_66' title='bbox 538 1209 731 1248; x_wconf 84' lang='lat' dir='ltr'><strong>dubitasse</strong></span> <span class='ocrx_word' id='word_1_67' title='bbox 749 1208 941 1245; x_wconf 87' lang='lat' dir='ltr'><strong>videntur.</strong></span> 
     </span>
    </p>
   </div>
   <div class='ocr_carea' id='block_1_8' title="bbox 110 1270 1156 1393">
    <p class='ocr_par' dir='ltr' id='par_1_8' title="bbox 110 1270 1156 1393">
     <span class='ocr_line' id='line_1_14' title="bbox 160 1270 1156 1324; baseline -0.009 -7"><span class='ocrx_word' id='word_1_68' title='bbox 160 1279 232 1317; x_wconf 87' lang='lat' dir='ltr'><strong>VI.</strong></span> <span class='ocrx_word' id='word_1_69' title='bbox 248 1280 287 1319; x_wconf 89' lang='grc'><strong>7.</strong></span> <span class='ocrx_word' id='word_1_70' title='bbox 327 1277 463 1316; x_wconf 65' lang='grc' dir='ltr'><strong>[Ηίτεῖ.</strong></span> <span class='ocrx_word' id='word_1_71' title='bbox 491 1275 553 1313; x_wconf 88' lang='lat' dir='ltr'><strong>De</strong></span> <span class='ocrx_word' id='word_1_72' title='bbox 565 1275 680 1324; x_wconf 86' lang='lat' dir='ltr'><strong>hujus</strong></span> <span class='ocrx_word' id='word_1_73' title='bbox 693 1273 859 1311; x_wconf 81' lang='lat' dir='ltr'><strong>nominis</strong></span> <span class='ocrx_word' id='word_1_74' title='bbox 872 1272 1063 1324; x_wconf 84' lang='lat' dir='ltr'><strong>scriptura</strong></span> <span class='ocrx_word' id='word_1_75' title='bbox 1080 1270 1156 1308; x_wconf 84' lang='lat' dir='ltr'><strong>vid.</strong></span> 
     </span>
     <span class='ocr_line' id='line_1_15' title="bbox 110 1339 758 1393; baseline -0.009 -10"><span class='ocrx_word' id='word_1_76' title='bbox 110 1344 250 1383; x_wconf 78' lang='lat' dir='ltr'><strong>Heins-</strong></span> <span class='ocrx_word' id='word_1_77' title='bbox 267 1343 318 1382; x_wconf 80' lang='lat' dir='ltr'><strong>ad</strong></span> <span class='ocrx_word' id='word_1_78' title='bbox 335 1342 443 1393; x_wconf 77' lang='lat' dir='ltr'><strong>Vir-g.</strong></span> <span class='ocrx_word' id='word_1_79' title='bbox 462 1340 548 1379; x_wconf 88' lang='lat' dir='ltr'><strong>Ecl.</strong></span> <span class='ocrx_word' id='word_1_80' title='bbox 565 1339 677 1377; x_wconf 82' lang='lat' dir='ltr'>VIII.</span> <span class='ocrx_word' id='word_1_81' title='bbox 695 1340 758 1379; x_wconf 86' lang='lat'><strong>70.</strong></span> 
     </span>
    </p>
   </div>
   <div class='ocr_carea' id='block_1_9' title="bbox 154 1422 218 1459">
    <p class='ocr_par' dir='ltr' id='par_1_9' title="bbox 154 1422 218 1459">
     <span class='ocr_line' id='line_1_16' title="bbox 154 1422 218 1459; baseline 0 0"><span class='ocrx_word' id='word_1_82' title='bbox 154 1422 218 1459; x_wconf 87' lang='lat'><strong>18.</strong></span> 
     </span>
    </p>
   </div>
   <div class='ocr_carea' id='block_1_10' title="bbox 311 1440 568 1450">
    <p class='ocr_par' dir='ltr' id='par_1_10' title="bbox 311 1440 568 1450">
     <span class='ocr_line' id='line_1_17' title="bbox 311 1440 568 1450; baseline 0 0"><span class='ocrx_word' id='word_1_83' title='bbox 311 1440 568 1450; x_wconf 95' lang='lat' dir='ltr'><strong> </strong></span> 
     </span>
    </p>
   </div>
   <div class='ocr_carea' id='block_1_11' title="bbox 584 1414 1039 1468">
    <p class='ocr_par' dir='ltr' id='par_1_11' title="bbox 584 1414 1039 1468">
     <span class='ocr_line' id='line_1_18' title="bbox 584 1414 1039 1468; baseline -0.011 -13"><span class='ocrx_word' id='word_1_84' title='bbox 584 1417 667 1455; x_wconf 74' lang='lat' dir='ltr'><strong>Nos</strong></span> <span class='ocrx_word' id='word_1_85' title='bbox 675 1414 822 1468; x_wconf 76' lang='lat' dir='ltr'><strong>proelia</strong></span> <span class='ocrx_word' id='word_1_86' title='bbox 840 1414 1039 1466; x_wconf 80' lang='lat' dir='ltr'><strong>virginum,</strong></span> 
     </span>
    </p>
   </div>
   <div class='ocr_carea' id='block_1_12' title="bbox 114 1621 1165 1934">
    <p class='ocr_par' dir='ltr' id='par_1_12' title="bbox 114 1621 1165 1805">
     <span class='ocr_line' id='line_1_19' title="bbox 114 1621 1163 1675; baseline -0.004 -11"><span class='ocrx_word' id='word_1_87' title='bbox 114 1625 194 1664; x_wconf 88' lang='lat' dir='ltr'><strong>Pro</strong></span> <span class='ocrx_word' id='word_1_88' title='bbox 209 1625 315 1663; x_wconf 70' lang='lat' dir='ltr'><strong>sectis</strong></span> <span class='ocrx_word' id='word_1_89' title='bbox 332 1624 533 1662; x_wconf 84' lang='lat' dir='ltr'><strong>Bentleius</strong></span> <span class='ocrx_word' id='word_1_90' title='bbox 550 1623 747 1675; x_wconf 85' lang='lat' dir='ltr'><strong>rescripsit</strong></span> <span class='ocrx_word' id='word_1_91' title='bbox 772 1622 923 1668; x_wconf 76' lang='lat' dir='ltr'><strong>strictis,</strong></span> <span class='ocrx_word' id='word_1_92' title='bbox 951 1629 996 1660; x_wconf 85' lang='lat' dir='ltr'><strong>ut</strong></span> <span class='ocrx_word' id='word_1_93' title='bbox 1023 1621 1163 1660; x_wconf 73' lang='lat' dir='ltr'><strong>strictis</strong></span> 
     </span>
     <span class='ocr_line' id='line_1_20' title="bbox 114 1686 1163 1740; baseline -0.004 -13"><span class='ocrx_word' id='word_1_94' title='bbox 114 1689 346 1727; x_wconf 74' lang='lat' dir='ltr'><strong>mucronibus</strong></span> <span class='ocrx_word' id='word_1_95' title='bbox 357 1704 375 1732; x_wconf 90' lang='lat'><strong>,·</strong></span> <span class='ocrx_word' id='word_1_96' title='bbox 407 1688 512 1740; x_wconf 86' lang='lat' dir='ltr'><strong>quod</strong></span> <span class='ocrx_word' id='word_1_97' title='bbox 538 1687 715 1725; x_wconf 84' lang='lat' dir='ltr'><strong>festivam</strong></span> <span class='ocrx_word' id='word_1_98' title='bbox 744 1686 951 1737; x_wconf 80' lang='lat' dir='ltr'><strong>imaginem</strong></span> <span class='ocrx_word' id='word_1_99' title='bbox 982 1686 1163 1736; x_wconf 54' lang='lat' dir='ltr'><strong>puellaris</strong></span> 
     </span>
     <span class='ocr_line' id='line_1_21' title="bbox 115 1751 1165 1805; baseline -0.005 -13"><span class='ocrx_word' id='word_1_100' title='bbox 115 1752 426 1805; x_wconf 73' lang='lat' dir='ltr'><strong>irae‚sacilisque</strong></span> <span class='ocrx_word' id='word_1_101' title='bbox 441 1752 631 1798; x_wconf 75' lang='lat' dir='ltr'><strong>saevitiae,</strong></span> <span class='ocrx_word' id='word_1_102' title='bbox 647 1752 803 1803; x_wconf 86' lang='lat' dir='ltr'><strong>penitus</strong></span> <span class='ocrx_word' id='word_1_103' title='bbox 820 1751 983 1803; x_wconf 81' lang='lat' dir='ltr'><strong>perdere</strong></span> <span class='ocrx_word' id='word_1_104' title='bbox 1001 1751 1165 1788; x_wconf 76' lang='lat' dir='ltr'><strong>videtur.</strong></span> 
     </span>
    </p>

    <p class='ocr_par' dir='ltr' id='par_1_13' title="bbox 116 1815 1164 1934">
     <span class='ocr_line' id='line_1_22' title="bbox 168 1815 1164 1867; baseline -0.001 -13"><span class='ocrx_word' id='word_1_105' title='bbox 168 1817 261 1854; x_wconf 87' lang='lat' dir='ltr'>V11.</span> <span class='ocrx_word' id='word_1_106' title='bbox 273 1820 311 1856; x_wconf 88' lang='lat'><strong>5.</strong></span> <span class='ocrx_word' id='word_1_107' title='bbox 372 1817 518 1856; x_wconf 86' lang='lat' dir='ltr'><strong>Urbem.</strong></span> <span class='ocrx_word' id='word_1_108' title='bbox 544 1817 607 1855; x_wconf 81' lang='lat' dir='ltr'><strong>Ita</strong></span> <span class='ocrx_word' id='word_1_109' title='bbox 622 1816 726 1867; x_wconf 87' lang='lat' dir='ltr'>vulg.</span> <span class='ocrx_word' id='word_1_110' title='bbox 772 1815 896 1854; x_wconf 87' lang='lat' dir='ltr'><strong>codd.</strong></span> <span class='ocrx_word' id='word_1_111' title='bbox 916 1815 1072 1866; x_wconf 83' lang='lat' dir='ltr'><strong>quidam</strong></span> <span class='ocrx_word' id='word_1_112' title='bbox 1097 1815 1164 1853; x_wconf 84' lang='lat' dir='ltr'><strong>ha-</strong></span> 
     </span>
     <span class='ocr_line' id='line_1_23' title="bbox 116 1882 887 1934; baseline -0.003 -14"><span class='ocrx_word' id='word_1_113' title='bbox 116 1883 212 1920; x_wconf 88' lang='lat' dir='ltr'><strong>bent</strong></span> <span class='ocrx_word' id='word_1_114' title='bbox 228 1895 344 1928; x_wconf 76' lang='lat' dir='ltr'><strong>arces,</strong></span> <span class='ocrx_word' id='word_1_115' title='bbox 363 1895 463 1934; x_wconf 81' lang='lat' dir='ltr'><strong>quae</strong></span> <span class='ocrx_word' id='word_1_116' title='bbox 479 1895 571 1921; x_wconf 80' lang='lat' dir='ltr'><strong>vera</strong></span> <span class='ocrx_word' id='word_1_117' title='bbox 586 1882 706 1920; x_wconf 86' lang='lat' dir='ltr'><strong>lectio</strong></span> <span class='ocrx_word' id='word_1_118' title='bbox 722 1882 887 1919; x_wconf 87' lang='lat' dir='ltr'><strong>videtur.</strong></span> 
     </span>
    </p>
   </div>
   <div class='ocr_carea' id='block_1_13' title="bbox 118 1945 1168 2160">
    <p class='ocr_par' dir='ltr' id='par_1_14' title="bbox 118 1945 1168 2160">
     <span class='ocr_line' id='line_1_24' title="bbox 171 1945 1168 1999; baseline -0.001 -14"><span class='ocrx_word' id='word_1_119' title='bbox 171 1947 209 1987; x_wconf 88' lang='grc'><strong>7.</strong></span> <span class='ocrx_word' id='word_1_120' title='bbox 249 1946 414 1998; x_wconf 80' lang='lat' dir='ltr'><em>Indeque</em></span> <span class='ocrx_word' id='word_1_121' title='bbox 430 1947 649 1999; x_wconf 74' lang='lat' dir='ltr'><strong>decerptam.</strong></span> <span class='ocrx_word' id='word_1_122' title='bbox 689 1946 849 1993; x_wconf 84' lang='lat' dir='ltr'><strong>Omnes,</strong></span> <span class='ocrx_word' id='word_1_123' title='bbox 875 1952 1067 1997; x_wconf 83' lang='lat' dir='ltr'><strong>quotquot</strong></span> <span class='ocrx_word' id='word_1_124' title='bbox 1084 1945 1168 1985; x_wconf 81' lang='lat' dir='ltr'><strong>noti</strong></span> 
     </span>
     <span class='ocr_line' id='line_1_25' title="bbox 118 2011 755 2063; baseline -0.002 -14"><span class='ocrx_word' id='word_1_125' title='bbox 118 2018 223 2058; x_wconf 75' lang='lat' dir='ltr'><strong>sunt,</strong></span> <span class='ocrx_word' id='word_1_126' title='bbox 242 2011 398 2050; x_wconf 86' lang='lat' dir='ltr'><strong>codices</strong></span> <span class='ocrx_word' id='word_1_127' title='bbox 414 2012 548 2063; x_wconf 85' lang='lat' dir='ltr'><strong>scripti</strong></span> <span class='ocrx_word' id='word_1_128' title='bbox 565 2011 755 2050; x_wconf 85' lang='lat' dir='ltr'><strong>exhibent</strong></span> 
     </span>
     <span class='ocr_line' id='line_1_26' title="bbox 180 2106 1109 2160; baseline 0.001 -16"><span class='ocrx_word' id='word_1_129' title='bbox 180 2106 351 2158; x_wconf 78' lang='lat' dir='ltr'><strong>Undique</strong></span> <span class='ocrx_word' id='word_1_130' title='bbox 367 2108 571 2160; x_wconf 73' lang='lat' dir='ltr'><strong>decerptam</strong></span> <span class='ocrx_word' id='word_1_131' title='bbox 572 2107 708 2159; x_wconf 74' lang='lat' dir='ltr'><em>stontz</em></span> <span class='ocrx_word' id='word_1_132' title='bbox 715 2120 948 2160; x_wconf 64' lang='lat' dir='ltr'><em>praeponere</em></span> <span class='ocrx_word' id='word_1_133' title='bbox 963 2106 1109 2146; x_wconf 81' lang='lat' dir='ltr'><strong>olivam.</strong></span> 
     </span>
    </p>
   </div>
   <div class='ocr_carea' id='block_1_14' title="bbox 114 2202 1170 2322">
    <p class='ocr_par' dir='ltr' id='par_1_15' title="bbox 114 2202 1170 2322">
     <span class='ocr_line' id='line_1_27' title="bbox 120 2202 1170 2254; baseline 0.004 -14"><span class='ocrx_word' id='word_1_134' title='bbox 120 2202 216 2249; x_wconf 81' lang='lat' dir='ltr'><strong>sed,</strong></span> <span class='ocrx_word' id='word_1_135' title='bbox 243 2203 424 2254; x_wconf 83' lang='lat' dir='ltr'><strong>quoniam</strong></span> <span class='ocrx_word' id='word_1_136' title='bbox 453 2217 505 2242; x_wconf 83' lang='lat' dir='ltr'><strong>ex</strong></span> <span class='ocrx_word' id='word_1_137' title='bbox 522 2205 596 2243; x_wconf 84' lang='lat' dir='ltr'><strong>hac</strong></span> <span class='ocrx_word' id='word_1_138' title='bbox 614 2204 791 2242; x_wconf 86' lang='lat' dir='ltr'><strong>codicum</strong></span> <span class='ocrx_word' id='word_1_139' title='bbox 811 2205 982 2242; x_wconf 89' lang='lat' dir='ltr'><strong>omnium</strong></span> <span class='ocrx_word' id='word_1_140' title='bbox 1001 2204 1170 2244; x_wconf 84' lang='lat' dir='ltr'><strong>lectione</strong></span> 
     </span>
     <span class='ocr_line' id='line_1_28' title="bbox 114 2267 1166 2322; baseline 0.002 -17"><span class='ocrx_word' id='word_1_141' title='bbox 114 2267 185 2305; x_wconf 69' lang='lat' dir='ltr'><strong>cix</strong></span> <span class='ocrx_word' id='word_1_142' title='bbox 205 2267 304 2306; x_wconf 80' lang='lat' dir='ltr'><strong>ullus</strong></span> <span class='ocrx_word' id='word_1_143' title='bbox 321 2281 437 2307; x_wconf 84' lang='lat' dir='ltr'><strong>sanus</strong></span> <span class='ocrx_word' id='word_1_144' title='bbox 449 2282 584 2308; x_wconf 81' lang='lat' dir='ltr'><strong>sensus</strong></span> <span class='ocrx_word' id='word_1_145' title='bbox 602 2269 690 2309; x_wconf 88' lang='lat' dir='ltr'><strong>elici</strong></span> <span class='ocrx_word' id='word_1_146' title='bbox 701 2278 845 2322; x_wconf 82' lang='lat' dir='ltr'><strong>potest,</strong></span> <span class='ocrx_word' id='word_1_147' title='bbox 871 2269 946 2308; x_wconf 83' lang='lat' dir='ltr'><strong>alia</strong></span> <span class='ocrx_word' id='word_1_148' title='bbox 963 2270 1095 2317; x_wconf 87' lang='lat' dir='ltr'><strong>lectio,</strong></span> <span class='ocrx_word' id='word_1_149' title='bbox 1115 2269 1166 2307; x_wconf 85' lang='lat' dir='ltr'><strong>E-</strong></span> 
     </span>
    </p>
   </div>
  </div>
 </body>
</html>
