1370 2574
193 294 270 331 210
590 290 862 331 NOTULAE

454 380 501 408 m
530 381 615 407 ΜΒ.
644 382 712 407 111.
740 381 994 409 mmmmm.

195 465 384 504 Horatius
416 466 583 505 otiosum
601 474 643 505 et
661 479 842 505 securum
859 479 945 506 esse
963 465 1255 507 Maecenatem.

195 531 316 570 JAN1.
337 531 468 570 stn.
487 532 564 570 vid.
584 545 687 570 omn.
707 532 835 570 Bentl.

245 596 296 634 X.
313 599 351 635 6.
390 596 507 648 Vulg.
526 597 636 635 situm
651 613 668 641 ;
698 596 768 634 sed
795 602 915 634 satum
944 605 1105 636 tuentur
1136 597 1255 639 codd.

195 661 343 712 optimi.

243 729 281 764 8.
307 725 386 763 Pro
390 739 492 778 puro
503 725 667 772 numine,
680 725 810 763 Bentl.
822 725 917 763 duro
931 726 1092 764 numine.
1119 727 1252 769 Quan-

191 790 320 842 doque
338 791 464 828 bonus
482 790 667 828 dormitat
686 789 898 827 Homerus.

244 858 306 892 18.
346 854 424 892 Pro
457 854 634 901 animum,
664 854 786 892 multo
817 854 947 905 plures
965 853 1080 892 codd.
1111 854 1250 902 animo,

191 919 298 972 quod
314 919 478 971 perinde
498 926 571 957 est.

242 984 313 1022 XI.
343 987 403 1022 18.
444 983 547 1022 Illud
565 986 645 1036 ejus
662 989 774 1036 atque
791 983 953 1022 offendit
969 984 1073 1023 viros
1095 984 1250 1032 doctos,

189 1047 319 1086 Bentl.
339 1047 536 1098 Cuningh.
566 1047 673 1086 alios.
727 1047 835 1086 Hinc
866 1048 921 1087 illi
954 1055 1142 1102 exeatque,
1168 1063 1250 1088 aes-

186 1118 353 1164 tuatque,
372 1112 434 1151 vel
451 1113 555 1164 efflat
572 1118 683 1164 utque
701 1106 972 1153 correxerunt.
1008 1112 1130 1152 Gesn.
1143 1113 1248 1166 ffu·

190 1184 315 1230 atque.

241 1244 304 1281 32.
343 1242 463 1280 Furto
490 1241 580 1280 MS.
609 1240 719 1293 Lips.
749 1244 787 1280 4.
817 1241 1085 1282 Memorabilis
1115 1242 1248 1291 lectio,

188 1307 315 1359 inquit
333 1307 439 1346 Jani.

235 1372 328 1411 XII.
367 1372 498 1423 Hujus
517 1372 612 1409 odes
638 1377 820 1418 metrum,
849 1372 882 1410 si
912 1379 1080 1411 metrum
1109 1373 1242 1413 dicen-

189 1438 296 1484 dum,
317 1437 423 1488 quod
442 1437 557 1487 plane
575 1453 714 1489 αμετςον
732 1444 806 1482 est,
835 1437 889 1475 ita
903 1438 1188 1485 constituimus,
1202 1445 1246 1477 ut
1271 1434 1275 1439 ’

186 1510 246 1541 est
265 1502 304 1539 in
337 1502 427 1540 edd.
456 1502 654 1553 Cuningh.
673 1501 854 1548 Gesneri‚
878 1501 982 1540 Jani.
1013 1502 1114 1541 Vide
1145 1503 1248 1542 viros

188 1568 327 1606 doctos
347 1566 578 1618 Cruquium‚
599 1565 729 1604 Bentl.
750 1565 947 1616 Cuningh.
965 1565 1071 1614 Jani,
1088 1565 1176 1605 fuse
1193 1567 1246 1605 de

182 1631 258 1670 hac
276 1644 319 1669 re
338 1631 594 1682 disputantes.

237 1699 298 1735 10.
326 1695 404 1735 Pro
422 1695 514 1743 alto,
540 1695 605 1734 alii
624 1701 723 1742 arto,
751 1695 776 1732 i.
795 1707 830 1733 e.
849 1701 965 1734 arcto.
1029 1695 1243 1748 Utriusque

180 1761 364 1800 lectionis
381 1773 524 1812 magna
555 1760 767 1798 auctoritas
785 1767 867 1798 est:
906 1767 1071 1812 utraque
1099 1774 1171 1812 per
1198 1774 1242 1800 se

181 1827 283 1865 bene
302 1826 435 1873 habet,
465 1833 508 1864 ut
526 1838 605 1863 non
633 1825 799 1863 multum
818 1825 985 1872 intersit,
1014 1832 1144 1864 utrum
1173 1825 1242 1864 eli·

178 1904 266 1943 gas,
283 1894 354 1930 ὅτε.
382 1891 506 1929 JANl.

232 1955 348 1993 XIII.
367 1958 404 1993 8.
448 1954 607 1994 Soboles.
635 1955 698 1993 Ita
714 1954 833 2006 vulgo
859 1953 1054 1993 scribitur.
1081 1954 1242 2002 Melius,

181 2021 314 2067 credo,
340 2019 512 2065 suboles,·
541 2027 601 2058 est
631 2019 735 2058 enim
767 2033 791 2058 a
821 2019 997 2067 sub-oleo,
1027 2026 1071 2058 ut
1098 2019 1241 2072 prfiles,

172 2085 353 2139 prd-b‘les,
372 2098 395 2123 a
408 2084 590 2138 pro-oleo.

233 2150 343 2188 XIV.
386 2153 421 2188 1.
478 2149 623 2188 Melius
661 2149 921 2188 distinctionis
961 2155 1056 2188 nota
1083 2149 1242 2200 ponitur

176 2223 264 2267 post
295 2216 387 2262 ritu,
426 2222 469 2254 ut
507 2227 642 2254 sensus
684 2213 933 2254 sit-Caesar
973 2213 1075 2252 redit
1115 2213 1241 2252 victor
