1370 2574
166 285 214 323 10
494 282 809 324 CARMINUM
858 284 893 323 L

566 509 681 548 ODE
735 509 827 547 vn.

407 664 468 707 ᾼΒ
497 663 738 691 MUNATIUM
766 660 986 689 PLANCUM.

164 774 442 813 LAUDABUNT
462 772 525 810 alii
541 771 683 810 claram
699 769 883 816 Rhodon,
901 777 969 808 aut
986 769 1223 821 Mitylenen,

318 839 402 875 Aut
422 837 635 888 Ephesum,
662 835 867 873 bimarisve
889 834 1068 874 Corinthi

163 902 338 948 Moenia,
350 901 412 939 vel
424 900 582 939 Baccho
595 899 764 946 Thebas,
775 900 837 938 vel
850 899 1034 951 Apolline
1045 899 1223 951 Delphos

319 966 510 1017 Insignes,
539 972 606 1003 aut
626 962 812 1003 Thessala
831 964 992 1017 Tempe.

164 1031 264 1070 Sunt
276 1030 415 1083 quibus
433 1043 553 1068 unum
570 1043 668 1082 opus
680 1037 740 1068 est
751 1029 922 1069 intactae
934 1028 1102 1068 Palladis
1113 1041 1224 1068 arces

318 1094 501 1133 Carmine
518 1102 711 1146 perpetuo
729 1095 943 1143 celebrare,

162 1161 338 1213 Indeque
358 1161 584 1211 decerptam
602 1159 721 1197 fronti
738 1171 980 1211 praeponere
999 1158 1149 1198 olivam.

317 1225 511 1262 Plurimus
530 1224 569 1261 in
587 1224 614 1262 J
616 1223 754 1262 unonis
772 1223 961 1262 honorem

162 1291 312 1341 Aptum
332 1289 428 1327 dicit
445 1288 555 1340 equis
575 1289 719 1340 Argos,
747 1288 926 1340 ditesque
945 1287 1149 1340 Mycenas.

317 1353 387 1392 Me
406 1366 480 1391 nec
499 1360 581 1391 tam
596 1353 747 1405 patiens
765 1352 1055 1399 Lacedaemon,

163 1419 249 1457 Nec
268 1426 348 1456 tam
367 1418 545 1456 Larissae
563 1419 755 1469 percussit
773 1430 933 1469 campus
951 1417 1120 1468 opimae,

316 1484 444 1525 Quam
463 1482 600 1520 domus
619 1483 826 1521 Albuneae
844 1482 1082 1528 resonantis,

161 1547 213 1585 Et
230 1559 418 1599 praeceps
438 1546 558 1592 Anio,
585 1558 632 1584 ac
651 1546 814 1600 Tiburni
831 1545 957 1593 lucus,
984 1553 1026 1585 et
1042 1546 1120 1585 uda

316 1611 529 1649 Mobilibus
546 1611 721 1662 pomaria
737 1611 840 1649 rivis.
937 1601 940 1605 '
1083 1660 1086 1663 Δ

161 1676 287 1714 Albus
306 1682 350 1713 ut
369 1675 535 1712 obscuro
555 1674 735 1726 deterget
753 1674 886 1713 nubila
903 1674 1015 1713 coelo

318 1739 442 1790 Saepe
463 1738 604 1785 Notus,
632 1752 761 1790 neque
778 1738 944 1790 parturit
961 1738 1105 1776 imbres

160 1804 399 1855 Perpetuos:
427 1803 483 1840 sic
501 1810 544 1840 tu
563 1803 716 1854 sapiens
733 1804 843 1842 finire
861 1809 1059 1842 memento

317 1868 531 1906 Tristitiam
550 1868 730 1919 vitaeque
748 1868 899 1907 labores

160 1932 286 1979 Molli,
317 1932 476 1979 Plance,
504 1944 634 1977 mero;
661 1944 730 1970 seu
748 1940 788 1970 te
805 1931 997 1983 fulgentia
1012 1931 1132 1983 signis

315 1997 452 2035 Castra
470 2003 619 2043 tenent,
647 2009 717 2034 seu
735 1996 855 2036 densa
872 1994 1020 2034 tenebit

157 2061 311 2100 Tiburis
330 2060 465 2098 umbra
482 2061 551 2098 tui.
606 2060 759 2099 Teucer
774 2060 967 2099 Salamina
983 2066 1217 2112 patremque

311 2127 411 2167 Cum
427 2124 596 2177 fugeret,
626 2132 756 2165 tamen
775 2124 852 2164 uda
868 2123 1003 2176 Lyaeo
