1370 2574
491 271 718 313 EPODON
768 284 806 310 v.
1102 273 1182 314 157

240 383 344 427 Quid
362 383 490 421 dixit?
518 390 587 421 aut
603 382 699 434 quid
721 381 869 421 tacuit?
899 380 936 419 O
952 381 1069 420 rebus
1086 381 1182 420 meis

342 447 380 485 N
382 460 433 486 on
451 446 628 486 infideles
644 446 825 494 arbitrae,

238 511 345 559 Nox,
372 519 414 550 et
431 512 573 558 Diana,
600 524 699 563 quae
715 511 911 550 silentium
929 510 1045 563 regis,

340 577 499 615 Arcana
515 589 604 615 cum
621 576 721 614 fiunt
737 579 869 615 sacra!

237 640 368 687 Nunc,
396 654 499 680 nunc
516 641 672 679 adeste:
691 653 796 679 nunc
815 640 855 678 in
872 639 1031 679 hostiles
1048 639 1181 679 domos

340 705 443 743 Iram
461 712 578 756 atque
596 718 740 743 numen
757 704 910 743 vertite.

240 768 525 808 Formidolosae
543 769 635 807 dum
653 769 774 808 latent
792 769 895 807 silvis
912 768 1033 816 ferae,

337 833 456 872 Dulci
474 847 613 885 sopore
630 834 859 885 languidae3

237 897 392 944 Senem,
411 898 516 949 quod
533 911 667 937 omnes
685 898 851 944 rideant,
878 897 1097 936 adulterum

336 962 500 1001 Lati-ent
519 962 744 1001 Suburanae
762 975 894 1010 cane&

235 1026 368 1065 Nardo
386 1034 632 1078 perunctum,
651 1027 764 1077 quale
782 1039 861 1065 non
879 1026 1090 1077 perfectius

335 1090 454 1129 Meae
470 1090 680 1129 laborarint
697 1103 845 1128 manus.

233 1154 338 1198 Quid
355 1154 523 1193 accidit?
552 1168 622 1193 cur
639 1155 723 1193 dira
739 1154 925 1194 barbarae
941 1155 1067 1193 minus

336 1216 499 1255 Venena.
515 1216 684 1255 Medeae
700 1217 843 1263 valent,

233 1282 384 1324 Quibus
402 1282 607 1333 superbam
623 1280 725 1332 fugit
743 1281 825 1320 ulta
839 1281 1034 1333 pellicem,

334 1344 472 1397 Magni
490 1346 669 1384 Creontis
685 1346 825 1391 filiam3

236 1410 335 1449 Cum
352 1410 467 1462 palla,
485 1410 577 1448 tabo
593 1423 732 1448 munus
751 1411 954 1457 imbutum,
972 1422 1109 1449 novam

336 1473 525 1512 lucendio
543 1480 703 1525 nuptam
721 1474 908 1513 abstulit?

233 1538 356 1590 Atqui
374 1551 448 1576 nec
465 1538 600 1584 herba,
618 1551 692 1577 nec
710 1538 834 1576 latens
848 1538 887 1576 in
905 1538 1049 1591 asperis

339 1601 468 1639 Radix
486 1601 623 1640 fefellit
641 1615 703 1640 me
721 1602 815 1641 locis
830 1617 841 1640 :

232 1665 420 1704 Indormit
438 1666 565 1702 unctis
582 1666 753 1704 omnium
772 1666 963 1704 cubilibus

333 1729 538 1767 Oblivione
555 1729 750 1780 pellicum.

178 1803 213 1844 ²(
233 1794 320 1832 Ab!
348 1794 416 1831 ah!
446 1793 593 1832 solutus
610 1794 780 1832 ambulat
795 1793 992 1833 veneficae

336 1858 561 1897 Scientioris
580 1859 762 1897 carmine.

232 1923 321 1961 Non
339 1923 501 1970 usitatis,
528 1922 646 1970 Vere,
663 1923 896 1974 potionibus,

334 1985 370 2023 Ο
389 1987 510 2024 multa
527 1987 708 2025 fleturum
727 1990 864 2038 caput!

232 2049 298 2086 Ad
315 2062 377 2087 me
395 2062 592 2088 recurres:
619 2063 692 2089 nec
710 2059 846 2089 vocata
862 2064 971 2090 mens
989 2059 1056 2091 tua

332 2113 472 2152 Marsis
491 2115 631 2152 redibit
644 2116 815 2153 vocibus.

230 2176 358 2229 Majus
375 2179 532 2229 parabo,
558 2181 679 2230 majus
698 2179 895 2218 infundam
912 2179 982 2218 tibi
