1370 2574
192 289 270 328 226
594 291 865 332 NOTULAE

502 381 550 408 m
577 382 748 410 lemnon
775 382 960 410 Lunum.

197 477 249 504 ne
267 464 466 522 insolitum
485 474 560 514 est,
587 474 630 506 et
652 455 873 515 anoinalon,
906 468 1036 508 Bentl.
1067 469 1180 510 dedit
1207 471 1263 510 bis

198 530 313 569 trium
332 530 520 570 ulnarum.

250 595 324 634 IV.
342 598 406 638 37.
432 597 600 636 Exsucta
613 598 719 649 vulg.
746 597 852 637 Mire
866 597 1018 638 variant
1030 598 1096 638 hic
1107 599 1265 639 codices

197 660 358 713 scripti:
386 663 510 713 major
528 663 633 702 enim
660 663 876 715 meliorque
894 676 985 716 pars
1013 670 1172 711 exsecta,
1200 665 1264 703 vel

194 733 335 775 execta,
363 741 452 767 cum
485 728 575 767 edd.
594 735 690 767 vett.
722 735 763 767 et
797 729 1048 768 Scholiastis=
1080 729 1264 769 Lambini

194 793 368 846 quidam,
387 801 428 832 et
446 793 676 833 Bersmanni
696 807 796 832 unus
814 800 963 833 exsucta
978 810 996 840 ,·
1030 794 1095 834 alii
1114 801 1261 843 exucta,

194 865 338 906 exusta,
365 865 491 907 exuta,
523 857 663 906 exulta,
699 872 770 897 exa
800 864 855 906 ta,
882 865 1024 898 exer-ta.
1088 860 1261 900 Exsucca

197 923 399 975 Cuningh.
425 924 452 962 i.
470 937 506 963 e.
524 924 686 970 siccata,
705 936 826 963 succo
843 936 916 976 per
932 923 1075 964 famem
1093 924 1264 964 subduc-

199 995 267 1033 to;
295 1001 396 1041 quae
413 1002 507 1028 vera
524 988 644 1027 lectio
658 987 827 1027 videtur.
879 988 1036 1038 Exesta,
1063 980 1126 1029 vel
1142 1003 1263 1036 exesa,

199 1053 342 1094 Heins.
361 1062 403 1093 et
421 1054 553 1092 Bentl.

247 1122 312 1158 54.
368 1119 448 1157 Pro
462 1119 576 1167 iram,
603 1118 774 1158 Brodaei
790 1119 891 1158 liber
908 1133 1048 1158 arcum.

247 1186 314 1224 55.
368 1184 451 1222 Alii
465 1182 745 1236 Jbrmidolosis.

246 1252 312 1288 63.
366 1249 450 1287 Alii
468 1249 640 1302 superba.

251 1313 302 1352 V.
321 1316 386 1352 28.
417 1314 585 1352 Currens
603 1327 696 1366 aper
709 1313 866 1352 videtur
876 1327 1109 1368 esse—aper
1121 1327 1146 1354 a
1157 1316 1263 1355 cani-

198 1382 273 1419 bus
292 1393 314 1419 e
332 1379 496 1418 latibulo
515 1379 713 1418 excitatus
742 1385 784 1416 et
814 1379 996 1431 agitatus.
1063 1379 1264 1420 Bentleius

199 1447 392 1493 Laurens,
419 1458 471 1483 ex
503 1445 735 1494 conjectura
753 1443 844 1482 Nic.
862 1443 1032 1491 Heinsii,
1051 1445 1264 1497 rescripsit.

249 1514 316 1552 62.
367 1510 478 1549 Bene
498 1509 793 1549 Commentator
823 1509 1009 1561 Cruquii:
1036 1513 1064 1534 “
1091 1509 1174 1549 Cur
1190 1510 1261 1548 mi·

200 1581 228 1601 “
255 1588 329 1615 nus
347 1575 433 1614 dira
449 1587 603 1613 venena
633 1586 722 1612 mea
749 1573 881 1613 valent
899 1573 1048 1613 venenis
1074 1574 1264 1614 barbarae

197 1646 226 1666 “
252 1640 451 1680 Medeae?
479 1647 548 1678 aut
566 1652 638 1677 cur
657 1639 743 1678 dira
760 1651 914 1678 venena
931 1638 1103 1678 Medeae
1133 1639 1262 1686 minus

195 1712 225 1731 “
250 1706 384 1745 valent
412 1703 522 1744 solito
534 1703 584 1742 .9”
656 1703 783 1742 Priori
814 1704 1127 1756 interpretationi
1143 1704 1263 1752 favet,

196 1778 353 1824 praeter
370 1770 459 1818 alia,
478 1769 601 1822 epith.
621 1768 805 1808 barbarae
816 1785 833 1814 ,·
861 1769 957 1808 item
981 1768 1185 1808 Theocriti
1205 1770 1262 1809 lo-

200 1849 284 1884 cus,
305 1835 373 1888 qui
392 1835 560 1874 Horatio
580 1842 672 1873 ante
691 1835 828 1873 oculos
843 1834 963 1873 fuisse
981 1833 1161 1873 videtur:

248 1938 428 1983 Φιςμωωι
447 1928 545 1966 ‘ravo’
562 1925 691 1981 εςδοισκ
708 1943 857 1981 xiguam
869 1918 943 1978 μηἾε
955 1943 990 1965 τι
1003 1934 1142 1980 Regum,

247 1997 335 2039 ΜηΊι
348 2013 381 2034 τι
399 1993 559 2037 Μηόειας.

247 2077 386 2128 Drwgs
403 2080 468 2113 not
486 2073 558 2111 less
576 2073 781 2125 qfficacz'ous
798 2072 890 2112 than
924 2085 1063 2112 Tuosn
1081 2075 1133 2126 qs
1154 2073 1262 2113 Circe

352 2139 433 2179 and
449 2138 604 2178 Medea.

240 2233 305 2274 67.
332 2245 440 2284 seqq.
495 2229 627 2282 Hujus
646 2229 724 2269 loci
743 2228 940 2269 sententia
957 2228 1113 2269 videtur
1145 2237 1260 2268 esee:
