1370 2574
408 276 719 325 CARMINUM
770 273 827 312 11.
1094 262 1143 300 61

493 481 609 522 ODE
662 477 774 517 XIII.

420 627 468 653 ΙΝ
495 621 683 651 Annoms
695 615 867 644 -cAsusL

219 728 322 766 121ae
338 729 380 762 et
395 720 546 760 nefasto
563 724 603 754 te
620 713 751 766 posuit
767 711 845 756 die,
862 707 867 710 ’

220 792 452 839 Quicunque
469 783 649 836 primum,
675 785 716 816 et
733 775 922 825 sacrilega
935 783 1052 811 manu

273 850 480 895 Produxit,
505 846 631 891 arbos,
659 842 699 879 in
716 846 901 891 nepotum

324 913 558 957 Perniciem,
584 904 909 959 opprobriumque
926 900 1029 953 pagi.

226 1051 342 1101 Illum
359 1053 400 1085 et
415 1041 586 1097 parentis
603 1036 833 1078 crediderim
850 1033 912 1072 sui

229 1112 406 1164 Fregisse
424 1106 629 1150 cervicem,
656 1109 697 1140 et
713 1098 927 1152 penetralia

282 1174 474 1228 sparsisse
492 1177 685 1208 nocturno
704 1175 841 1203 cruore

335 1235 535 1288 Hospitis:
562 1233 626 1270 ille
643 1240 794 1268 venena
812 1225 973 1271 Colcha,

235 1371 290 1410 Et
306 1366 494 1421 quidquid
510 1374 671 1414 usquam
690 1357 908 1408 concipitur
924 1352 1046 1400 nefas,

236 1431 448 1477 Tractavie
475 1441 570 1480 agro
588 1425 655 1478 qui
672 1421 806 1461 statuit
823 1433 911 1457 meo

288 1498 348 1535 Te
364 1496 474 1533 triste
490 1493 654 1543 lignum,
671 1495 712 1525 te
730 1485 921 1524 caducum

341 1561 389 1598 In
407 1556 551 1596 domini
569 1560 686 1606 caput
702 1548 950 1588 immerentis.

243 1691 349 1736 Quid
365 1684 527 1742 quisque
543 1685 654 1729 vitet,
672 1691 869 1730 nunquam
886 1674 1032 1714 homini
1049 1673 1140 1713 satis

248 1757 417 1796 Cautum
434 1758 508 1796 est,
525 1749 565 1785 in
582 1748 709 1784 horas.
735 1742 878 1780 Navita
894 1740 1109 1790 Bosporum

298 1819 454 1856 Poenus
470 1809 744 1866 perhorrescit,
762 1818 890 1857 neque
908 1804 1010 1842 ultra

353 1882 483 1920 Caeca
498 1878 610 1915 timet
626 1872 782 1913 aliunde
799 1871 903 1913 fata3

254 2013 373 2052 Miles
390 2009 549 2061 sagittas
566 2013 608 2044 et
626 2004 793 2043 celerem
809 2000 943 2051 fugam

255 2076 414 2119 Partim
439 2080 596 2112 catenas
614 2068 793 2113 Parthus,
813 2073 853 2102 et
871 2063 1013 2101 Italum

314 2139 473 2178 Robur:
500 2136 570 2174 sed
586 2131 791 2185 improvisa
806 2129 876 2167 leti

356 2201 428 2240 vis
445 2200 573 2253 rapuit
590 2197 790 2250 rapietque
809 2199 958 2246 gentes.
