1370 2574
167 272 248 311 152

540 265 772 307 EPODON
824 267 865 307 ii.

371 378 512 417 Turdis
530 379 716 418 edacibus
734 379 869 424 dolon

266 444 533 496 Pavidumque
556 444 744 496 leporem,
774 451 816 483 et
840 443 1028 482 advenam
1055 443 1195 496 laqueo

366 510 552 549 Jucunda
570 517 702 562 captat
719 509 904 562 praemia.
1021 510 1196 561 [gruem,

221 599 235 627 αἱ
267 574 365 618 Quis
383 588 462 614 non
476 575 678 622 malarum,
698 587 794 627 quas
806 585 916 614 amor
933 586 1046 614 curas
1063 574 1196 623 habet,

372 640 486 679 Haec
505 641 608 678 inter
626 640 892 679 obliviscitur?
910 649 965 698 4ae

267 705 384 750 Quod
403 706 434 744 si
453 706 597 757 pudica
614 706 754 744 mulier
771 706 812 743 in
829 713 981 757 partem
994 705 1107 756 juvet

369 771 542 810 Domum
560 778 678 822 atque
698 770 834 808 dulces
852 769 1011 816 liberos,

269 836 413 874 Sabina
432 836 570 887 qualis,
589 842 657 873 aut
674 841 835 886 perusta
852 833 1000 872 solibus

371 900 548 938 Pernicis
568 912 668 937 uxor
688 898 863 950 Appuli3

267 965 430 1004 Sacrum
453 972 494 1003 et
511 964 676 1002 vetustis
695 970 873 1002 exstruat
891 962 1008 1015 lignis
1025 962 1172 1011 focum,

370 1029 480 1067 Lassi
499 1028 571 1066 sub
589 1028 802 1066 adventum
819 1022 916 1071 viri;

267 1094 543 1145 Claudensque
563 1092 684 1131 textis
704 1091 876 1130 cratibus
893 1091 1041 1130 laetum
1058 1104 1179 1145 pecus

370 1159 556 1197 Distenta
573 1158 696 1196 siccet
715 1157 858 1202 ubera3

266 1226 332 1272 Et,
360 1225 483 1262 horna
502 1223 608 1262 dulci
626 1223 717 1261 vina
733 1235 916 1275 promens
935 1221 1056 1270 dolio,

369 1290 503 1341 Dapes
521 1288 685 1327 inemtas
703 1294 867 1340 apparet
880 1302 892 1325 :

265 1355 356 1395 Non
375 1367 438 1393 me
456 1354 630 1392 Lucrina
643 1352 818 1405 juverint
835 1350 1057 1403 conchyli&

373 1418 552 1469 Magisve
571 1417 771 1463 rhombus,
790 1423 859 1454 aut
875 1416 991 1462 scari,

267 1484 309 1523 Si
328 1497 438 1537 quos,
458 1483 551 1521 Eo‘is
570 1482 747 1520 intonata
764 1479 966 1527 fluctibus,

370 1547 509 1586 Hiems
528 1546 578 1584 ad
595 1545 672 1583 hoc
688 1550 817 1582 vertat
834 1555 941 1582 mare
956 1558 968 1588 3

266 1613 356 1653 Non
376 1611 476 1650 Afra
493 1611 574 1649 avis
592 1608 834 1648 descendat·
823 1621 865 1647 m
880 1614 1060 1648 ventrem
1075 1620 1222 1679 meum,

368 1677 460 1716 Non
478 1683 638 1727 attagen
657 1674 831 1721 Ionicus,

264 1741 496 1788 Jucundior,
516 1753 631 1792 quam
649 1740 755 1778 lecta
772 1739 823 1778 de
839 1738 1106 1791 pinguissimis

373 1806 487 1844 Oliva
505 1806 622 1844 ramis
640 1806 837 1852 arborum,

268 1873 352 1910 Aut
369 1871 492 1909 herba
508 1871 669 1922 lapathi,
687 1877 800 1922 prata
817 1868 997 1916 amantis,
1020 1875 1062 1908 et
1078 1867 1186 1920 gravi

370 1935 527 1974 Malvae
546 1936 720 1974 salubres
739 1935 909 1987 corpori,

265 2001 341 2039 Vel
361 2013 461 2051 agna
478 2000 588 2038 festis
607 2013 722 2039 caesa
739 1997 1040 2045 Terminalibus,

371 2064 444 2102 Vel
464 2064 612 2102 haedus
632 2071 790 2116 ereptus
808 2064 913 2115 lupo.

267 2129 352 2169 Has
371 2129 473 2167 inter
491 2129 641 2181 epulas,
668 2136 712 2167 ut
727 2131 837 2181 juvat
854 2134 985 2180 pastas
1003 2140 1095 2168 oves

371 2195 515 2234 Videre
534 2202 790 2247 properantes
807 2194 992 2235 domum!
