1370 2574
508 317 775 360 NOTULAE
1086 320 1163 358 223

384 411 431 438 m
458 410 544 437 Lm.
571 410 630 435 lv.
657 406 908 435 CARMINUM.

117 510 211 538 num
227 498 343 536 facta.
378 496 467 534 Vid.
483 495 588 534 Jani.
637 492 767 532 Bentl.
784 498 910 531 totum
928 502 1079 530 versum
1097 489 1164 529 de-

115 562 275 602 lendum
293 569 439 600 censet.

168 626 240 664 lx.
258 629 321 665 31.
374 625 451 663 Pro
467 623 593 670 silebo,
620 622 732 660 multi
749 620 865 660 codd.
883 629 925 659 et
943 620 1031 659 edd.
1048 619 1165 658 sileri.

171 694 235 730 41.
276 695 304 715 “
322 690 416 728 Post
433 688 532 735 utili,
550 696 591 726 et
603 700 695 726 mox
714 699 750 724 v.
766 689 831 724 43.
850 691 939 737 post
955 684 1071 731 vultu,
1086 684 1168 735 ple-

122 760 151 780 “
168 755 278 807 rique
295 753 464 793 editores
478 753 653 791 inserunt
670 758 719 790 et.
776 750 855 789 Sed
883 758 1049 800 utroque
1079 749 1167 787 loco

122 823 150 843 ‘⁸
167 819 278 858 abest
294 818 343 857 ab
361 818 538 856 omnibus
566 817 631 868 qui
660 817 738 854 huc
757 827 879 866 usque
897 813 1062 865 inspecti
1079 821 1169 850 sunt

120 886 150 907 “
167 882 381 928 codicibus,
408 882 501 920 item
519 894 543 919 a
559 881 695 933 priscis
726 879 816 918 edd.
845 879 1090 930 primumque
1119 877 1169 914 ab

121 951 151 972 ‘⁴
170 947 275 986 Aldo
292 946 440 985 illatum
458 946 652 985 videtur.’'
703 945 730 983 J
733 957 825 983 Am.

173 1012 224 1050 X.
241 1015 279 1051 5.
330 1011 517 1064 Ligurine
533 1010 720 1049 exhibent
737 1009 816 1047 duo
835 1009 1015 1047 Tot-rent.
1043 1015 1083 1046 at
1100 1007 1169 1045 Li-

117 1077 296 1130 gurinum
314 1088 447 1114 omnes
474 1075 554 1121 alii,
582 1074 608 1112 i.
626 1087 661 1112 e.
684 1073 803 1117 Quum
829 1072 929 1112 color
959 1078 1172 1110 mutatus-

121 1142 285 1181 mutatio
303 1139 645 1180 coloris—verterit
659 1137 886 1190 Ligurinum
900 1137 1083 1188 infaciem
1096 1136 1172 1175 his-

114 1206 260 1260 pidum.

175 1271 247 1309 XI.
276 1273 336 1309 11.
389 1269 466 1308 Pro
477 1268 681 1321 trepidant,
701 1267 830 1309 Bentl.
843 1268 946 1318 conj.
956 1267 1140 1319 crepitant
1155 1283 1170 1305 .-

126 1335 313 1387 crepitant
329 1335 475 1373 habent
501 1334 615 1372 ambo
643 1333 757 1372 codd.
775 1331 919 1370 Altorf.
936 1332 1051 1370 Jani:
1083 1334 1118 1370 1.
1134 1332 1175 1369 in

126 1406 317 1438 contextu
333 1414 344 1443 3
366 1400 404 1436 2.
421 1412 492 1450 pro
510 1411 589 1436 var.
607 1398 699 1436 lect.

175 1466 240 1503 35.
294 1462 526 1501 Bsiuuuntur
543 1475 642 1500 unus
673 1461 821 1500 Bersm.
847 1468 889 1500 et
917 1462 1066 1500 Acron.
1083 1461 1176 1500 MS.

123 1527 227 1579 apud
246 1526 375 1565 Bentl.
404 1527 511 1578 quod
527 1526 665 1564 melius
682 1526 849 1564 videtur.

176 1590 291 1629 XIII.
319 1594 381 1629 14.
418 1591 496 1629 Pro
514 1590 622 1637 clari,
641 1591 704 1628 alii
716 1590 810 1629 cari.
863 1591 1075 1642 Utriusque
1093 1592 1172 1630 lec—

126 1655 241 1693 tionis
258 1667 383 1706 aequa
399 1654 481 1694 fere
499 1655 721 1693 auctoritas.

182 1722 244 1759 18.
269 1726 311 1758 et
336 1731 446 1770 seqq.
476 1719 578 1762 Quid
604 1718 714 1756 habes
745 1718 859 1765 illius,
885 1733 980 1771 quae
1007 1720 1176 1772 spirabat

127 1783 453 1835 amores-..ficies,
470 1786 541 1821 &c.
564 1782 590 1820 i.
607 1795 643 1821 e.
661 1783 762 1821 illius
778 1783 907 1830 faciei,
926 1796 1026 1835 quae
1041 1783 1177 1833 facies,

127 1850 199 1888 ὅτε.
260 1871 265 1873 -

180 1913 290 1950 XIV.
316 1915 381 1951 28.
434 1913 511 1951 Pro
530 1913 743 1959 meditatur,
769 1913 881 1951 multi
905 1914 1031 1951 bonae
1062 1921 1177 1953 notae

130 1977 245 2016 codd.
270 1977 415 2015 habent
431 1978 638 2017 minitatur.
694 1978 905 2029 Utriusque
917 1978 1096 2016 lectionis
1113 1991 1178 2016 ae-

130 2053 207 2093 qua
223 2041 304 2079 fere
322 2043 544 2081 auctoritas.

181 2109 245 2145 49.
311 2105 375 2144 Ex
405 2105 558 2145 duobus
586 2106 708 2145 MSS.
736 2113 778 2144 et
810 2107 905 2144 Act.
935 2106 1024 2144 MS.
1056 2106 1180 2144 edidit

130 2169 329 2208 Bentleius
338 2177 532 2223 paventes,
563 2179 607 2210 ut
626 2170 775 2209 Galliae
783 2177 963 2224 paventes
977 2171 1057 2209 sint
1073 2184 1179 2210 nom.

130 2234 229 2285 plur.
