1370 2574
154 277 207 317 78

458 278 772 319 CARMINUM
823 279 908 319 111:

254 391 301 428 In
319 391 518 442 pulverem
534 406 543 434 ;
571 403 621 428 ex
641 403 719 442 quo
738 390 915 429 destituit
933 391 1028 432 deofl

253 453 442 493 Mercede
461 461 577 505 pacta
594 454 836 500 Laomedon,
854 455 949 493 mihi

307 519 524 570 Castaeque
544 519 767 557 damnatum
787 519 1006 567 Minervae,

359 584 457 621 Cum
477 584 621 635 populo
640 591 681 622 et
699 584 799 623 duce
817 584 1079 623 fraudulento.

252 715 340 754 Jam
359 728 433 753 nec
451 714 656 753 Lacaenae
675 715 853 766 splendet
871 715 1074 755 adulterae

253 780 440 818 Famosus
458 780 622 831 hospes;
649 793 723 819 nec
742 779 886 818 Priami
905 780 1043 819 domus

304 844 466 896 Perjura
483 857 682 895 pugnaces
709 843 876 882 Achivos

355 908 566 947 Hectoreis
585 908 721 960 opibus
740 907 920 961 refringit
934 924 950 948 ε

251 1040 483 1091 Nostrisque
501 1039 663 1078 ductum
682 1040 938 1079 seditionibus

253 1105 404 1142 Bellum
423 1105 579 1143 resedit.
608 1105 801 1143 Protenus
819 1111 860 1143 et
878 1117 1014 1156 graves

302 1170 398 1215 Ims,
419 1176 459 1207 et
478 1170 642 1207 invisum
661 1177 860 1221 nepotem,

354 1234 496 1272 Tro'ica
514 1247 630 1285 quem
647 1234 800 1286 peperit
817 1235 1014 1281 sacerdos,

250 1365 368 1402 Marti
388 1365 597 1403 redonabo.
625 1366 740 1403 Illum
759 1378 835 1416 ego
851 1364 1001 1404 lucidas

250 1429 352 1467 Inire
372 1430 499 1475 sedes,
519 1430 664 1467 ducere
683 1429 852 1467 nectaris

302 1494 462 1539 Succos,
482 1500 522 1530 et
540 1493 707 1531 adscribi
726 1493 869 1545 quietis

352 1558 564 1596 Ordinibus
582 1558 706 1609 patiar
725 1558 902 1596 deorum.

247 1691 354 1728 Dum
372 1690 521 1741 longus
531 1688 633 1727 inter
651 1688 797 1727 saeviat
814 1689 915 1727 Ilion

250 1756 491 1806 Romamque
508 1761 652 1804 pontus
666 1769 676 1798 ;
704 1753 876 1804 qualibet
890 1752 1045 1793 exsules

299 1820 345 1856 In
364 1827 474 1869 parte
492 1826 683 1869 regnanto
701 1818 829 1856 beati:

350 1885 458 1922 Dum
477 1883 620 1921 Priami
640 1883 867 1934 Paridisque
885 1883 1002 1922 busto

249 2011 415 2052 Insultet
433 2021 666 2061 armentum,
684 2021 725 2052 et
743 2013 892 2052 catulos
908 2011 1017 2051 ferae

250 2079 389 2117 Celent
408 2077 575 2121 inultae;
601 2085 678 2116 stet
698 2077 932 2128 Capitolium

299 2143 479 2193 FulgenS‚
508 2142 832 2193 triumphatisque
851 2141 975 2193 possit

351 2207 478 2245 Roma
495 2206 608 2246 ferox
627 2207 719 2246 dare
735 2208 826 2258 jura
841 2204 986 2245 Medis.
