1370 2574
183 293 258 330 218
581 288 851 331 NOTULAE

447 380 494 407 ιΝ
523 380 609 407 mn.
627 381 698 407 ·1v.
725 380 977 409 cAanUM.

240 466 411 505 XXVII.
437 469 502 506 60.
546 467 718 506 Laedere
729 467 843 506 codd.
856 466 988 519 plures
998 473 1039 505 et
1049 466 1243 508 meliores:

189 534 304 586 pauci
322 530 471 571 elidere.

227 597 420 635 XXVIII.
465 599 526 636 10.
580 597 789 635 Nereidum
806 597 936 636 choros
953 597 1062 649 Lips.
1078 600 1118 636 4.
1143 597 1250 636 Jani.

228 662 378 700 XXIX.
389 665 428 701 6.
447 662 597 700 Omnes
607 662 750 714 ubique
763 661 882 701 MSS.
894 662 1084 702 exhibent
1093 662 1156 701 vel
1167 675 1248 709 nec,

191 727 252 766 vel
272 741 360 774 non,
374 726 436 765 vel
450 740 497 766 ne
509 742 526 771 ,·
552 740 624 779 pro
637 740 714 778 qua
726 726 895 766 lectione
909 726 968 765 vir
984 727 1138 774 doctus,
1160 727 1249 766 Nic.

189 791 410 843 Hardinge‚
443 791 678 829 substituere
704 791 861 830 volebat
891 797 933 829 ut
962 791 1249 844 semper-udum.

190 855 232 894 Si
249 855 458 894 lectionem
476 855 676 907 vulgatam
695 855 921 902 retinemus,
950 855 1050 894 haec
1081 855 1133 894 sit
1161 859 1249 894 sen-

188 921 313 959 tentia
330 933 491 959 necesse
510 921 685 958 est—Ne
698 934 841 972 semper
857 933 879 958 e
891 919 1094 972 longinquo
1098 919 1249 972 prospi-

187 984 265 1023 cias
283 984 396 1022 udum
416 983 548 1030 Tibur,
562 987 633 1023 &c.
652 989 680 1008 “
695 984 882 1023 Habebat
896 984 1111 1024 Maecenas
1124 984 1164 1022 in
1177 983 1250 1023 Es-

190 1055 218 1074 “
247 1049 373 1102 quiliis
393 1062 483 1088 cum
501 1049 636 1087 hortos
655 1049 945 1097 celeberrimos,
972 1057 1056 1088 tum
1073 1050 1249 1102 magnifi-

190 1119 219 1140 “
247 1127 334 1153 cam
352 1114 509 1165 alteque
527 1121 748 1152 extructam
763 1113 937 1162 domum,
955 1114 1061 1153 unde
1074 1127 1154 1153 non
1167 1127 1250 1153 mo-

191 1187 219 1205 “
247 1182 299 1219 do
316 1180 356 1218 in
375 1187 498 1218 totam
517 1179 669 1225 urbem,
701 1179 771 1218 sed
795 1186 836 1218 et
869 1179 908 1217 in
936 1179 1065 1218 vicina
1093 1178 1250 1232 oppida,

193 1250 221 1270 “
248 1245 386 1293 Tibur,
406 1245 607 1291 Aesulam,
627 1243 855 1291 Praeneste,
875 1243 1102 1291 Tusculum,
1120 1257 1250 1294 amoe-

191 1315 218 1335 “
246 1310 427 1349 nissimus
437 1315 667 1361 prospectus
684 1309 884 1359 pateret‚”
912 1311 983 1348 &c-
999 1307 1123 1347 JANI.

242 1378 308 1414 22.
363 1373 531 1413 Horridi
547 1373 636 1411 libri
653 1373 786 1429 plures
805 1380 847 1412 et
864 1372 1067 1412 meliores:
1094 1373 1250 1426 quidam

192 1440 361 1480 horrida.
430 1433 434 1438 ’

241 1507 308 1544 50.
360 1503 470 1556 Lips.
487 1506 526 1542 4.
544 1503 635 1542 Jani
646 1503 838 1556 pervicax.

244 1568 373 1606 XXX.
403 1570 464 1607 12.
492 1568 689 1621 Regnator
716 1568 872 1621 plurimi
891 1581 941 1607 ex
959 1567 1066 1607 libris
1083 1568 1252 1620 scriptis,

193 1641 234 1673 et
265 1634 355 1672 edd.
385 1641 586 1672 vetustae:
623 1633 796 1686 regnavit
827 1633 1059 1672 scholiastae
1086 1641 1253 1681 vetereS,

193 1699 350 1738 Servius
367 1699 419 1737 ad
448 1700 551 1737 Aen.
584 1698 656 1736 XI.
687 1700 774 1737 126.
807 1700 897 1738 280.
926 1698 1026 1737 liber
1053 1699 1252 1751 antiquiss.

194 1763 333 1803 Bland.
353 1762 528 1815 Cruquii,
562 1770 602 1801 et
620 1763 841 1814 complures
873 1762 951 1801 alii.
1014 1768 1043 1787 “
1075 1765 1254 1816 Apparet

193 1833 221 1852 “
248 1841 334 1867 esse
357 1828 460 1866 hanc
489 1828 656 1879 priscam
681 1835 723 1866 et
749 1841 881 1866 veram
907 1827 1132 1875 lectionem,
1163 1837 1254 1880 post

194 1897 221 1917 ‘⁴
248 1892 354 1930 haud
396 1892 528 1939 dubie,
579 1892 629 1930 ob
672 1891 917 1930 insolentiam
955 1891 1188 1938 Graecismi,
1229 1906 1254 1932 a

195 1963 222 1982 ‘⁴
250 1957 524 1996 Grammaticis
542 1957 582 1994 in
600 1962 779 2009 regnator
796 1957 1028 1995 mutatam.”
1078 1956 1132 1995 JA
1141 1969 1201 1995 Μ.

457 2046 507 2073 IN'
533 2045 619 2072 LIB.
647 2045 707 2071 1v.
735 2044 988 2072 CARMINUM.

243 2111 276 2149 I.
303 2116 341 2151 9.
368 2112 417 2151 In
435 2111 540 2151 domo
558 2111 671 2149 multi
690 2111 805 2149 codd.
825 2119 866 2150 et
885 2111 974 2149 edd.
992 2110 1169 2163 priscae:
1210 2110 1251 2149 in

192 2175 339 2215 domum
356 2176 474 2215 etiam
501 2175 613 2215 multi
642 2176 756 2215 codd.
797 2175 923 2214 Priori
954 2175 1114 2214 lectioni
1145 2174 1252 2213 favet

192 2254 282 2280 usus
301 2242 416 2295 Ling.
444 2242 532 2282 Lat.
550 2249 786 2296 perpetuus:
813 2240 1038 2295 posterioris
1070 2239 1251 2291 exempla
