1370 2574
185 238 260 279 194
580 240 850 281 NOTULAE

468 328 516 357 m
545 330 630 357 Lm.
659 332 688 358 1.
715 331 969 360 etiamnum.

181 412 345 465 aliisque
364 415 548 464 ostendit,
572 417 656 455 sive
676 417 725 457 de
757 416 945 469 cymbalis
962 416 1106 456 collisis
1135 417 1239 457 acci·

179 478 345 530 piamus,
373 480 455 520 sive
472 481 523 520 de
540 482 714 535 clipeolis
739 483 863 521 aereis
892 483 1005 522 hasta
1030 483 1241 535 percussis,

181 543 276 591 sive,
296 545 400 596 quod
417 546 547 598 potius
565 560 667 594 reor,
685 547 737 586 de
754 547 944 600 utrisque.

233 608 343 648 XVI.
374 614 434 650 14.
461 611 636 651 Offendit
646 612 795 651 Julium
808 612 1048 664 Scaligerum
1062 619 1208 652 coactus
1220 629 1238 653 .-

181 686 310 726 neque
327 675 445 723 enim,
475 676 543 723 ait,
571 676 828 716 Prometheus
859 684 1020 716 coactus
1050 677 1139 726 fuit,
1169 680 1239 718 aut

180 748 341 779 coactus
357 741 464 780 fecit.
511 741 715 780 Bentleius
732 741 864 793 itaque
877 736 1040 791 coac'tam
1057 742 1083 780 i.
1101 756 1137 782 e.
1155 743 1238 782 col-

180 803 338 852 lectam,
365 805 551 856 conjicit;
575 812 618 843 et
636 804 692 843 sic
711 805 835 843 edidit
867 805 1008 844 Sannd.
1072 806 1166 855 Sed,
1194 815 1238 847 ut

179 876 287 907 recte
307 869 486 908 observat
504 869 610 916 Jani,
638 869 777 908 Fertur
806 869 1064 910 Prometheus
1090 877 1239 911 coactus

177 931 297 973 fuisse
321 934 394 986 (ob
413 934 612 973 defectum
630 947 771 986 nempe
789 935 997 983 materiae,
1027 947 1129 988 quae
1154 938 1238 987 ,iam

179 1005 271 1036 ante
290 998 330 1036 in
349 1006 481 1038 cetera
498 999 679 1038 animalia
696 1000 872 1052 impensa
889 1007 931 1040 et
943 999 1148 1053 ‘inempta
1175 1000 1238 1040 fu-

178 1062 286 1115 erat)
308 1062 454 1102 addere
472 1064 639 1116 principi
663 1063 756 1102 limo
787 1064 1033 1116 particulam,
1059 1065 1238 1118 undique,

179 1140 232 1167 ex
249 1129 429 1167 omnibus
446 1129 688 1176 animalibus,
708 1130 901 1168 desectam.

230 1196 295 1232 28.
347 1193 426 1233 Pro
443 1194 620 1242 animum,
649 1194 819 1246 Cuning.
849 1195 1013 1234 animm
1037 1201 1176 1234 contra
1190 1194 1238 1234 li-

178 1260 269 1299 bros
287 1272 435 1298 omnes.

230 1325 362 1363 XVII.
388 1328 427 1364 5.
481 1323 559 1364 Pro
578 1331 711 1373 tutum,
730 1325 933 1364 Bentleius
944 1331 1062 1364 totum
1080 1338 1132 1364 ex
1150 1326 1236 1378 qui-

178 1390 341 1429 busdam
358 1389 540 1427 Lambini
557 1389 673 1428 codd.
699 1390 912 1441 rescripsit,
939 1397 984 1428 ut
1011 1389 1163 1429 scilicet
1179 1390 1236 1429 vi-

176 1463 283 1495 tetur
299 1466 525 1502 ταιυτολογιοι.
584 1454 665 1493 Sed
695 1453 792 1492 nihil
816 1466 986 1492 neeesse
1015 1461 1088 1492 est.
1135 1454 1238 1494 'Ideo

176 1522 327 1575 impune
344 1526 545 1575 quaerunt,
571 1519 662 1572 quia
675 1518 871 1571 praesenti
889 1518 1023 1558 Fauno
1040 1525 1160 1558 tutum
1177 1527 1239 1560 est

176 1599 327 1625 nemus.

245 1654 283 1691 9.
337 1650 415 1689 Pro
431 1648 610 1695 humilia,
642 1648 750 1700 quod
777 1655 946 1687 metrum
976 1649 1138 1701 respuit,
1165 1649 1236 1688 de·

174 1717 302 1756 dimus
332 1714 546 1761 haeduleae,
579 1726 630 1753 ex
649 1713 770 1751 MSS.
802 1725 881 1751 una
907 1719 1061 1752 tantum
1078 1714 1236 1754 literula

93 1801 96 1803 —
115 1817 117 1819 .
172 1789 345 1822 mutata:
373 1780 452 1818 duo
470 1779 574 1817 enim
592 1777 759 1816 Blandd.
778 1778 900 1830 Cruq.
917 1777 1066 1816 babent
1095 1778 1234 1817 haedu-

171 1847 247 1886 liae
262 1863 277 1891 ,-
299 1853 340 1884 et
352 1844 465 1883 multi
476 1851 560 1882 tum
572 1842 774 1889 Lambini,
782 1849 866 1880 tum
884 1841 1063 1895 Cruqufi,
1076 1842 1236 1882 codices

173 1910 368 1952 haediliae.
421 1908 542 1959 Angl.
560 1906 680 1946 Little
677 1906 826 1959 female
843 1906 937 1945 kids.

226 1978 291 2015 18.
344 1974 447 2012 Ictus
464 1985 536 2024 pro
554 1972 800 2022 aestusconj.
819 1970 1018 2022 Cuningh.

226 2040 318 2080 XX.
343 2041 382 2079 5.
434 2036 512 2075 Pro
529 2049 630 2083 care,
649 2035 779 2074 Bentl.
797 2034 901 2074 'clare
918 2036 1094 2089 reposuit
1111 2049 1135 2076 e
1154 2036 1236 2076 Re-

178 2107 265 2162 giae
285 2101 492 2144 Societatis
510 2100 661 2140 codice.

224 2175 264 2211 9.
318 2166 522 2210 Caecubum
539 2164 718 2206 nonnulli
735 2163 919 2204 Lambini
937 2164 1110 2205 codices.
