1430 2644
538 310 854 354 PRAEFATIO

379 392 634 435 PRIORIS
687 394 806 434 EDI
808 392 878 434 TI
877 391 1034 434 ONJS.

575 495 697 503 e—ev

186 529 325 576 QUID
342 531 492 574 ambis
519 532 743 590 pmestitum
761 532 823 578 sit,
842 545 918 583 quo
936 530 1138 576 Horatius,
1151 544 1222 582 pro

183 600 318 632 nostro
329 593 465 632 saltem
478 586 641 645 judicio,
658 607 772 646 quam
787 594 1116 632 emendatissimus
1133 607 1223 644 pro-

181 655 298 702 diret,
326 656 459 709 paucis
489 657 637 709 accipe.
690 657 753 695 Ex
771 658 963 709 prioribus
989 657 1223 695 editionibus

182 731 281 772 quae
297 719 338 757 in
354 720 483 790 aliquo
501 721 647 760 honore
661 728 765 767 sunt,
783 721 1000 772 complures
1018 720 1227 770 diligenter

181 780 403 828 evolvimus,
434 782 466 819 si
483 782 584 820 forte
612 790 715 820 esset
733 794 848 833 quam
877 782 1018 832 ubique
1044 792 1224 831 sequere·

179 854 279 881 mm.
331 845 459 887 Quum
476 857 569 882 vero
597 845 787 883 editorum
806 845 901 882 alios
927 844 1137 883 lectionum
1163 855 1224 881 sa-

182 906 315 946 nitatis
334 907 447 945 nimis
464 921 636 954 securos,
652 908 747 947 alios
766 907 1001 958 conjecturis
1019 907 1097 944 suis
1114 906 1225 944 nimi-

180 983 247 1010 um
257 971 516 1023 indulgentes,
531 971 764 1016 invenimus;
778 979 928 1009 mutato
939 970 1114 1016 consilio,
1126 983 1227 1022 quae

179 1034 325 1086 ubique
340 1035 580 1086 probatiores
596 1035 826 1074 videbantur
842 1035 1044 1081 lectiones,
1062 1034 1226 1084 diligen·

181 1104 243 1135 ter
259 1097 484 1148 collegimus
495 1113 506 1135 :
525 1099 579 1135 ita
596 1106 724 1136 tamen
740 1106 784 1136 ut
798 1111 822 1136 a
833 1098 950 1148 vulgo
966 1097 1134 1148 receptis
1146 1110 1226 1135 non

181 1166 329 1198 temere
362 1159 674 1205 discesserimus3
711 1174 785 1200 nec
817 1161 912 1198 ullas
947 1160 1228 1205 admiserimus,

182 1234 282 1274 quae
298 1236 376 1261 non
394 1223 573 1261 codicum
592 1223 711 1262 MSS.
729 1225 963 1263 auctoritate
980 1223 1227 1269 fulcirentur,

180 1285 255 1324 nisi
270 1286 311 1324 in
327 1286 414 1325 loco
433 1299 510 1324 uno
527 1294 595 1325 aut
613 1287 750 1334 altero,
778 1287 858 1333 ubi,
885 1293 1041 1338 praeter
1059 1285 1226 1337 optimo-

181 1362 268 1388 rum
286 1350 507 1389 criticorum
519 1363 762 1397 consensum,
779 1349 983 1388 manifesta
994 1350 1070 1388 loci
1088 1350 1226 1400 depra-

180 1413 284 1452 vatio
300 1426 326 1451 a
342 1413 461 1452 MSS.
473 1414 551 1452 fide
562 1414 763 1453 discedere
776 1415 1046 1466 persuadebat.
1099 1413 1225 1452 Inter-

182 1476 384 1528 punctioni
401 1484 601 1529 praeterea
614 1478 839 1528 diligentem
858 1478 1114 1529 impendimus
1131 1491 1226 1529 ope-

187 1553 282 1587 ram,
310 1541 413 1578 unde
431 1541 631 1592 permultis
648 1542 743 1579 locis
772 1555 850 1579 non
868 1541 963 1579 nihil
980 1541 1078 1580 lucis
1096 1555 1143 1581 ac
1158 1555 1224 1580 ve-

182 1605 346 1643 nustatis
363 1617 609 1643 accessurum
627 1618 837 1655 speramus.

230 1667 439 1706 Lectiones
468 1669 589 1706 varias
619 1669 748 1713 etiam,
780 1682 858 1706 non
888 1682 1021 1708 omnes
1052 1671 1224 1721 quidem,

179 1731 285 1783 quod
315 1729 504 1769 infinitum
522 1731 637 1778 foret,
666 1732 735 1770 sed
753 1746 852 1783 quae
871 1733 1017 1784 aliquid
1033 1747 1223 1772 memora-

178 1795 273 1841 bile,
289 1803 357 1833 aut
374 1796 529 1846 majoris
541 1796 740 1841 momenti,
758 1796 902 1834 habere
915 1797 1158 1843 videbantur,
1172 1811 1225 1836 ex

180 1857 414 1895 editionibus
433 1857 625 1904 Lambini,
644 1860 818 1910 Cruquii,
838 1860 1015 1905 Fabricii,
1043 1860 1224 1907 Bentleii,

182 1920 362 1966 Gesneri,
392 1921 497 1968 Jani,
528 1923 746 1974 decerptas,
777 1923 827 1960 ad
857 1922 972 1960 finem
999 1923 1224 1973 adjecimus.

179 1984 292 2026 Quae
310 1997 359 2021 ex
391 1983 585 2022 Torrentii
610 1985 808 2023 codicibus
826 1985 1073 2036 proferuntur
1089 1987 1226 2025 lectio-

181 2059 265 2092 nes,
296 2046 518 2086 Schrevelio
546 2049 774 2100 pleraeque;
802 2063 900 2101 quae
917 2062 1008 2087 vero
1034 2063 1082 2087 ex
1110 2050 1223 2087 Bers-

185 2109 315 2147 manni
342 2117 383 2149 et
410 2110 614 2151 Pulmanni
645 2114 857 2161 codicibus,
882 2113 1062 2152 Bentleio
1080 2113 1224 2151 deben-
