1370 2574
198 263 277 301 204·
593 259 863 301 NOTULAE

472 349 520 376 m
547 349 634 376 LIB.
661 349 710 376 11.
737 349 989 379 cARMImm.

202 435 269 474 riis
287 440 428 486 magna
452 434 622 474 fortuna.
691 435 743 475 Ut
770 433 849 473 alta
877 441 1003 475 ventos
1033 436 1256 476 SEMPER

199 499 387 552 ewzspiunt
391 502 494 553 juga
509 516 524 538 .-
551 499 711 552 imperia
727 500 782 539 sic
792 499 933 540 excelsa
945 501 1138 541 Fortunae
1153 502 1255 556 objw

197 570 294 603 cent.
348 564 439 603 Sen.
458 564 558 603 Oed.
578 567 616 603 8.

251 643 402 681 Summa
412 641 514 695 petit
532 641 628 681 livor
643 658 658 681 .-
678 642 848 696 perflant
866 642 1048 682 altissima
1066 643 1182 681 venti.

830 708 904 746 Ov.
923 707 1037 747 Rem.
1056 708 1148 746 Am.
1164 711 1257 749 369.

199 772 225 810 i.
245 784 280 810 e.
308 779 445 824 petere
463 772 578 819 solet,
596 771 764 824 perflare
781 772 921 811 solent.

246 836 297 874 X.
328 839 389 875 18.
445 836 602 875 Cithara
621 842 798 880 tacentem
815 836 968 875 suscitat
983 850 1135 875 musam.
1188 837 1255 876 Sic

190 900 354 938 Lucret.
373 900 426 939 ΙΙ.
444 903 535 940 413.
589 902 752 940 Musaea
770 900 873 947 mele,
904 901 1094 940 mobilibus
1122 901 1256 954 digitis

191 967 451 1018 expergefacta
463 979 537 1017 per
553 965 723 1004 chordas.

241 1030 313 1067 XI.
332 1032 395 1068 23.
436 1030 638 1069 Incomtam
659 1031 766 1068 nodo.
795 1029 862 1069 Sic
880 1031 942 1069 ed.
963 1029 1115 1070 Veneta
1136 1033 1251 1079 1549,

188 1101 230 1132 et
249 1094 439 1146 quaedam
459 1094 558 1132 aliae
571 1102 762 1133 vetustae.
803 1096 852 1133 In
869 1101 1023 1134 comtum
1042 1094 1131 1134 MS.
1150 1103 1252 1134 un'us

190 1158 399 1197 Torrentii.
440 1159 489 1196 In
508 1165 676 1206 comtum,
694 1159 757 1197 vel
775 1159 984 1205 incomtum,
1007 1159 1156 1206 nodum,
1185 1170 1255 1198 ce-

189 1223 265 1261 teri
279 1223 364 1262 fere
382 1236 530 1262 omnes.
575 1224 626 1262 In
645 1230 803 1262 comtum·
819 1224 960 1276 probat
977 1223 1031 1262 ill.
1050 1223 1184 1276 Heyn.
1200 1224 1253 1263 ad

191 1288 296 1326 Aen.
314 1287 351 1325 1.
378 1291 468 1327 315.
1212 1342 1215 1345 ι

242 1351 337 1390 ΧΠ.
368 1355 430 1391 12.
484 1353 605 1392 Multi
623 1354 750 1392 bonae
769 1360 888 1393 notae
906 1354 1021 1393 codd.
1039 1353 1250 1394 minacium.

241 1419 306 1456 25.
361 1417 443 1455 Alii
444 1419 695 1470 flagrantia,
714 1426 772 1465 ut,
799 1419 904 1471 apud
920 1418 1100 1466 Statium,
1126 1419 1251 1458 ascula

189 1495 322 1520 vernos
341 1472 550 1520 reddentia
554 1482 692 1533 flores.
747 1482 838 1521 silv.
857 1483 912 1520 ΙΙ.
941 1487 976 1522 1.
995 1486 1059 1523 46.

240 1549 305 1585 28.
362 1547 528 1599 Occupat
543 1547 718 1598 reposuit
731 1547 862 1585 Bentl.
881 1561 932 1586 ex
949 1547 1057 1586 libris
1074 1548 1250 1600 pluribus

189 1617 231 1649 et
249 1611 488 1658 melioribus,
508 1612 581 1650 etsi
595 1612 695 1650 male
710 1625 800 1650 cum
818 1625 916 1651 voce
931 1612 1018 1650 dum
1033 1613 1249 1665 conjungit.

239 1676 355 1714 XIII.
382 1679 419 1716 8.
478 1676 614 1715 Colcha
634 1677 884 1716 vetustissimi
912 1677 1068 1716 codices
1086 1678 1249 1730 cruquii

188 1739 420 1779 et'aliorum.
474 1742 555 1783 Alii
578 1741 762 1781 Colchica.

238 1807 302 1843 23.
356 1805 555 1844 Discretas
583 1806 672 1844 libri
712 1806 848 1858 optimi
891 1813 932 1844 et
971 1806 1220 1844 vetustissimi
1236 1821 1247 1845 :

187 1869 346 1921 quidam
366 1869 585 1922 descriptas.

238 1937 303 1973 38.
357 1935 549 1972 Laborum
568 1935 655 1973 libri
674 1935 810 1987 optimi
827 1948 919 1974 ‚cum
936 1941 1032 1974 vett.
1051 1934 1245 1981 Scholias-

184 1998 257 2036 tis:
285 1998 351 2036 alii
370 1998 543 2037 laborem.

235 2062 344 2100 XIV.
363 2065 427 2103 27.
472 2064 634 2115 Superbo
652 2077 787 2102 omnes
807 2065 926 2115 Cruq.
946 2063 1071 2102 Bentl.
1093 2068 1134 2103 e't
1147 2064 1243 2104 Tor-

182 2134 283 2165 rent.
311 2126 431 2166 MSS.
459 2134 502 2166 ut
532 2135 572 2166 et
608 2129 771 2167 aliorum
790 2128 982 2175 nonnulli,
1014 2129 1242 2175 tentissime.

183 2190 313 2231 Heres
343 2192 496 2244 tinguet
526 2193 788 2245 pavimentum
821 2193 912 2232 vino
949 2192 1241 2245 pretiosissimo,
