1370 2574
155 260 231 296 214
557 255 826 296 NOTULAE

418 346 465 372 m
493 345 578 372 mn.
607 347 675 373 111.
702 345 956 374 mmmmm.

157 432 307 482 paratio
339 431 569 478 instituitur,
597 432 824 470 obversetur
849 430 992 478 animo,
1019 436 1061 469 et
1078 442 1102 469 e
1118 442 1211 470 con-

158 505 272 536 textu
290 497 431 535 assumi
450 497 583 548 possit.
628 496 743 534 Duae
756 509 818 534 res
832 496 934 534 inter
947 508 989 534 se
1007 495 1212 534 conferun-

158 569 235 608 tur,
250 561 443 614 imperium
444 561 598 613 fertilis
611 561 772 612 Africae
782 567 823 599 et
828 573 954 613 purae
965 560 1068 599 rivus
1080 572 1215 612 aquae,

158 630 229 666 διε.
257 640 419 678 quarum
437 626 627 678 posterior
645 625 863 664 declaratur
886 638 971 664 esse
999 630 1100 665 sorte
1129 623 1219 663 bea-1

158 691 346 730 tior—the
362 691 520 744 happier
536 690 589 729 lot
602 692 653 743 of
660 690 721 728 the
737 696 819 728 two.
849 712 851 715 ·
1165 723 1168 727 .

212 755 253 794 Si
273 756 470 794 distinctio
487 763 655 807 ponatur
667 762 758 807 post
769 752 1061 807 verbumfiuit,
1079 766 1215 805 quem-

158 819 366 858 admodum
385 819 436 857 G.
451 819 669 858 Wakefield
682 818 940 870 interpunxit,
958 817 1154 857 sententia
1170 829 1212 855 e-

158 885 231 922 rit:
260 885 336 936 My
352 883 540 923 streamlet
557 885 608 935 of
619 897 718 936 pure
735 889 863 930 water,
881 882 946 932 ἅτ.
977 895 1123 935 escape-r
1150 881 1214 920 the

159 949 279 988 notice
295 948 413 1001 ofthe
429 948 619 1001 sovereign
638 947 821 1000 offertile
839 947 990 1000 Afiw‘ca,
1016 960 1061 986 or
1087 946 1121 985 ie
1138 959 1216 984 un·-

158 1015 288 1054 known
307 1020 345 1054 to
362 1014 438 1053 him
452 1031 466 1053 .·
495 1014 602 1067 quod
630 1027 654 1052 a
671 1013 802 1053 Flacci
819 1020 952 1053 mente
969 1012 1142 1052 alienum
1158 1011 1215 1050 vi-

158 1081 285 1119 detur.

210 1145 341 1184 XVII.
380 1147 495 1186 2—5.
558 1146 645 1185 Hos
676 1158 808 1185 versus
837 1151 1039 1197 suspectos
1067 1143 1215 1182 habent

157 1211 315 1263 quidam
333 1212 524 1257 editores;
551 1212 717 1263 ideoque
735 1210 847 1250 uncis
874 1210 1112 1249 inclusimus.

213 1279 273 1315 13.
314 1276 391 1314 Pro
410 1266 496 1315 dum
507 1283 629 1329 potes,
661 1276 832 1328 quinque
851 1287 903 1314 ex
920 1274 1029 1312 libris
1057 1271 1214 1325 scriptis

155 1340 302 1379 habent
320 1341 406 1378 dum
417 1341 532 1393 potis,
551 1341 576 1379 i.
595 1355 630 1380 e.
649 1342 742 1380 dum
752 1339 856 1393 potis
874 1345 943 1387 est,
958 1339 1038 1376 sive
1057 1337 1151 1375 dum
1168 1336 1214 1374 fi-

159 1405 215 1442 eri
234 1411 443 1456 potest—“
462 1406 544 1444 sine
564 1406 697 1453 dubio,
710 1404 837 1456 inquit
847 1404 954 1450 Jani,
966 1414 1059 1440 vera
1072 1401 1190 1439 lectio
1205 1415 1219 1445 ς

159 1474 187 1493 “
214 1470 286 1512 vix,
299 1470 401 1508 enim
419 1483 443 1508 a
459 1470 623 1508 librariis
651 1476 711 1508 est
729 1476 807 1507 tam
825 1467 1063 1519 exquisitum
1081 1472 1123 1504 et
1154 1477 1215 1503 ra-

160 1539 187 1558 “
215 1548 299 1572 rum
317 1535 493 1573 verbum.
546 1535 684 1586 Itaque
715 1534 772 1572 sic
804 1532 936 1571 Bentl.
967 1527 1066 1570 eun.
1100 1529 1217 1568 Baxt.

160 1605 187 1623 “
218 1598 270 1637 Et
295 1599 427 1638 extitit
446 1600 552 1638 haud
569 1600 687 1638 dubie
711 1599 751 1637 in
782 1596 956 1649 pluribus
986 1595 1149 1634 aliorum
1177 1606 1219 1634 e-

159 1669 186 1688 “
214 1664 308 1702 tiam
335 1663 449 1702 codd.
478 1664 546 1702 sed
567 1664 789 1715 neglectum
809 1662 928 1701 fuit.”
982 1662 985 1663 ’
1123 1651 1127 1653 λ

210 1727 319 1765 ΧΙΧ.
342 1730 401 1766 12.
455 1728 668 1779 Miscentur
685 1727 857 1766 omnium
872 1725 1052 1765 codicum
1069 1723 1190 1764 lectio
1208 1740 1220 1770 ;

160 1805 288 1842 neque
307 1792 582 1830 emendatione
608 1805 706 1844 opus
735 1804 823 1830 esse
851 1790 1017 1839 videtur.
1082 1789 1147 1827 De
1175 1800 1219 1826 re

159 1858 241 1908 ipsa
258 1857 335 1894 vid.
354 1856 474 1895 Gesn.
493 1857 611 1894 Thes.
628 1870 665 1894 v.
683 1855 795 1894 Bibo.
859 1872 861 1874 ·

211 1924 275 1962 27.
306 1920 418 1958 Chlo&
431 1920 587 1971 vulgata
603 1920 736 1959 lectio.
791 1920 848 1958 At
860 1918 1042 1971 permulti
1059 1916 1217 1956 codices

160 1985 302 2024 Rhode.
348 1989 375 2008 “
389 1985 480 2023 Sine
502 1985 620 2023 dubio
640 1998 732 2023 vera
749 1985 846 2022 haec
864 1984 1005 2022 lectio:
1026 1982 1093 2020 vix
1112 1981 1216 2020 enim

161 2057 188 2074 ‘⁴
215 2049 360 2088 librarii
379 2049 554 2100 ignotum
575 2050 648 2087 sibi
669 2056 709 2088 et
723 2049 890 2088 Horatio
905 2047 1129 2086 inusitatum
1147 2057 1217 2083 no-

161 2120 188 2138 “
215 2128 304 2153 men
323 2128 394 2166 pro
413 2113 554 2152 notiori
574 2114 718 2152 Chloe’s
737 2111 1062 2152 substituerunt.”
1094 2109 1216 2149 JAm.

210 2179 364 2226 XXIII.
386 2182 446 2218 19.
487 2176 656 2216 Mollibz't
683 2177 796 2216 multi
815 2176 929 2216 codd.
955 2183 1000 2215 ut
1017 2181 1059 2214 et
1077 2175 1215 2213 Acron
