1370 2574
410 276 723 321 CARMINUM
775 274 844 314 IV.
1068 273 1142 312 135

93 393 262 436 Infernis
278 404 409 445 neque
427 391 532 430 enim
549 388 722 428 tenebris
739 386 870 426 Diana
884 383 1070 438 pudicum

350 457 514 496 Liberat
531 454 792 506 Hippolytum
805 466 817 490 :

96 523 187 565 Nec
203 523 382 564 Lethaea
397 520 501 559 valet
518 518 695 556 Theseus
704 517 936 568 abrumpere
953 525 1045 553 earo

352 584 523 625 Vincula
539 582 727 621 Pirithoo.

485 751 601 791 ODE
654 751 767 789 Vm.

433 881 495 907 An
523 878 820 907 cnnsonmuu.

206 977 435 1017 nonanus
450 981 605 1026 pateras
622 979 813 1024 grataque
832 970 1072 1017 commodus,

207 1040 438 1086 Censoriae,
455 1038 551 1076 meis
569 1050 662 1076 aera
677 1036 872 1075 sodalibus
891 1051 902 1080 ;

208 1105 410 1144 Donarem
427 1102 615 1153 tripodas,
641 1100 814 1152 praemia
829 1098 989 1136 fortium

212 1168 446 1208 Graiorum:
474 1179 603 1218 neque
620 1174 664 1203 tu
681 1164 849 1216 pessima
864 1176 1070 1201 munerum

211 1233 365 1279 Fen-res,
384 1232 504 1270 divite
521 1243 584 1268 me
602 1229 754 1269 scilieet
770 1228 926 1274 artium,

212 1299 321 1340 Quas
338 1303 407 1334 aut
426 1295 651 1333 Parrhasius
669 1293 846 1344 protulit,
865 1300 933 1330 aut
951 1291 1120 1343 Scopas3

214 1362 298 1400 Hic
314 1374 425 1407 saxo,
442 1360 598 1412 liquidis
616 1359 682 1397 ille
701 1358 895 1397 coloribus

215 1425 363 1464 Sollers
379 1419 486 1462 nunc
503 1423 701 1462 hominem
718 1434 882 1473 ponere,
899 1434 1005 1460 nunc
1022 1422 1152 1460 deum,

216 1488 511 1528 Sednonhaec
528 1487 623 1525 mihi
641 1487 723 1531 vis;
746 1499 822 1524 nec
839 1486 911 1524 tibi
928 1487 1064 1525 talium

217 1552 301 1591 Res
317 1559 392 1599 est,
409 1558 478 1590 aut
494 1551 659 1597 animus,
677 1549 903 1588 deliciarum
921 1563 1054 1601 egens.

220 1616 381 1655 Gaudes
400 1614 635 1653 carminibus
646 1627 658 1651 ι
676 1613 848 1652 carmina
864 1627 1066 1665 possumus

219 1679 396 1725 Donate,
414 1686 456 1716 et
472 1678 642 1730 pretium
659 1677 792 1715 dicere
809 1678 976 1716 muneri.

221 1743 316 1782 Non
333 1742 456 1781 incisa
472 1742 575 1780 notis
591 1754 783 1780 marmora
798 1741 979 1793 publicis,

224 1807 304 1846 Per
321 1819 422 1859 quae
439 1806 612 1858 spiritus,
630 1813 671 1844 et
687 1806 768 1844 vita
784 1806 886 1844 redit
901 1806 1015 1845 bonis

224 1873 323 1911 Post
339 1879 506 1910 mortem
523 1870 713 1915 ducibus;
729 1883 807 1909 non
826 1870 974 1909 celeres
989 1870 1122 1922 fugae,

227 1936 495 1988 Rejectaeque
513 1942 723 1973 retrorsum
741 1935 974 1974 Hanm'balis
990 1936 1142 1982 minae3

228 2000 323 2040 Non
339 1999 522 2039 incendia
537 1999 783 2051 Carthaginis
798 1999 953 2051 impiae,

231 2064 343 2116 Ejus,
361 2065 428 2116 qui
445 2064 593 2103 domita
607 2077 750 2103 nomen
766 2065 816 2103 ab
834 2063 974 2103 Africa

231 2127 427 2167 Lucratus
444 2129 575 2176 rediit,
591 2129 732 2168 clarius
748 2129 923 2167 indicant

232 2191 403 2242 LaudeS,
421 2206 542 2245 quum
559 2193 747 2235 Calabrae
765 2193 940 2234 Pierides
953 2206 966 2232 ε
983 2206 1126 2246 neque,
