1370 2574
176 262 254 304 924-
573 259 844 307 NOTULAE

481 353 529 379 m
558 354 725 380 EPODON
753 348 938 382 LIBRUM.

229 440 318 479 XV.
344 441 382 478 2.
435 437 507 477 Me
527 452 605 477 non
623 438 802 490 poenitet
819 451 955 478 eorum
967 451 1058 478 esse
1075 442 1232 486 sellun·

177 506 267 552 tiae,
302 505 383 557 qui,
424 517 513 542 cum
542 510 637 542 vett.
670 503 910 552 Scholiastis,
933 505 1106 557 jungam:
1131 504 1235 558 loqgti

177 570 275 623 lyra.

282 636 371 674 Non
389 634 479 674 haec
485 637 639 688 jocosae
656 634 876 673 conveniunt
892 633 1011 687 lyrae.

805 699 934 738 Carm.
951 698 1027 739 111.
1045 698 1098 741 iii.
1114 702 1182 745 69.

179 765 356 809 Revocat
373 765 506 817 itaque
535 764 720 805 Phoebus
750 765 907 816 poetam
936 777 960 803 a
988 771 1070 807 tam
1095 763 1235 811 audaci

180 838 336 875 conatu.
391 831 500 875 Quos
518 830 724 868 verborum
743 828 922 880 trajectio
939 828 1116 876 offendit,
1142 842 1237 874 con-

178 895 350 935 Siderent
363 895 570 933 verborum
584 894 760 936 ordinem
780 894 909 935 Carm.
921 893 954 935 Ι.
967 892 1079 939 xxiii.
1094 895 1158 941 11,
1175 894 1237 933 12.

390 972 557 1011 Tandem
575 972 701 1011 desine
717 979 872 1010 matrem

442 1037 480 1075 T
475 1039 672 1090 empestiva
690 1038 795 1090 sequi
812 1037 905 1076 viro.

227 1116 267 1159 7.
320 1116 487 1168 Direpta
505 1115 662 1167 plurimi
680 1128 731 1153 ex
749 1114 858 1152 libris
876 1113 1043 1166 scriptis.

231 1185 293 1221 18.
347 1181 425 1219 Pro
443 1180 577 1234 exiget,
605 1180 718 1218 multi
737 1179 851 1218 codd.
869 1179 1014 1218 eximet.

480 1297 528 1324 IN
555 1296 724 1323 EPoDON
750 1294 937 1323 LIBRUM.

225 1367 260 1404 Ι.
286 1368 325 1405 5.
378 1357 496 1415 Vulg.
514 1362 564 1400 sit
579 1378 594 1400 .·
635 1369 676 1400 at
692 1362 727 1400 si
744 1361 864 1400 editio
893 1360 1132 1401 Germanica
1153 1359 1234 1400 120³

176 1429 298 1476 eheri,
318 1436 359 1467 et
376 1427 611 1466 Scholiastes
627 1425 896 1477 Porphyriom
914 1431 956 1463 et
971 1423 1233 1463 Mancinellus

174 1496 229 1535 ait
248 1495 287 1533 in
306 1493 485 1532 omnibus
504 1491 619 1530 codd.
636 1490 806 1542 antiquis
834 1490 890 1528 ita
906 1502 1005 1532 esse.
1063 1487 1166 1528 Vide
1194 1502 1235 1528 e-

176 1561 270 1599 tiam
288 1558 420 1597 Bentl.

226 1627 291 1663 21.
354 1624 404 1662 Ut
422 1622 522 1660 adsit
540 1621 654 1660 codd.
671 1620 861 1673 plerique,
880 1626 922 1657 et
938 1625 1062 1657 recte.
1105 1617 1238 1656 Bentl·

175 1691 233 1730 uti
249 1690 313 1738 sit,
332 1689 396 1728 cui
414 1688 521 1729 favet
539 1686 634 1725 edit.
660 1686 843 1738 princeps
857 1691 899 1723 ut
915 1684 976 1727 sit,

228 1758 293 1794 26.
347 1753 430 1793 Alii
447 1751 548 1791 meis.
577 1751 714 1798 Porro,
741 1764 812 1802 pro
830 1750 1017 1796 nitantur,
1034 1747 1149 1793 codd.
1166 1747 1236 1785 ali·

176 1828 272 1873 quot
290 1824 498 1858 nectantur.

227 1889 291 1925 28.
345 1885 422 1922 Pro
433 1882 600 1936 pascuis,
628 1881 692 1919 alii
703 1894 860 1934 pascua.
914 1879 1128 1930 Utriusque
1146 1878 1236 1916 lec-

175 1952 292 1991 tionis
311 1962 437 2002 aequa
454 1961 575 2000 prope
594 1946 830 1986 auctoritas:
858 1952 1062 1996 utramque
1075 1949 1235 1981 tuentur

175 2017 344 2069 optimae
363 2021 480 2052 notae
510 2013 625 2051 codd.

228 2084 293 2120 29.
321 2079 398 2118 Pro
416 2077 582 2131 superni,
598 2077 770 2116 omnium
783 2075 898 2114 codd.
910 2073 1093 2120 lectione,
1106 2071 1233 2111 Bentl.

174 2146 313 2199 supini,
332 2143 395 2183 cui
414 2143 545 2182 favere
559 2142 742 2180 videntur
762 2139 1017 2187 Scholiastae,
1036 2137 1174 2177 Acron
1191 2142 1233 2174 et

176 2209 433 2262 Porphyrion.
