1370 2574
515 321 786 365 NOTULAE
1102 316 1174 354 231

425 418 474 444 IN
500 415 668 444 BPODON
695 410 879 439 munuu-

126 508 262 556 ambit,
310 512 356 545 ut
392 501 628 553 circumfluus
668 498 800 536 humor
841 493 946 547 apud
985 490 1182 531 Ovidium.

176 571 287 612 XVI.
304 573 372 618 53,
388 571 453 609 54.
480 565 732 618 optimorum
749 560 976 600 criticorum
990 567 1182 597 consensu

129 638 203 677 11oe
218 647 366 682 vasus,
391 632 459 685 qui
475 632 516 669 in
533 629 729 682 plerisque
746 624 983 665 editionibus
999 628 1092 660 sunt
1114 622 1183 664 61,

129 705 195 742 62-
211 702 253 740 in
268 712 384 739 suum
398 699 530 736 locum
545 692 797 733 restituimus.
848 688 939 726 vid.
961 686 1184 725 Observatt.

132 765 303 806 Miscell-
328 777 353 802 a
370 763 596 801 Burmanno
613 757 709 796 edit.
726 754 816 794 Vol.
833 753 888 791 11.
904 766 944 804 p.
961 753 1054 790 381.

181 834 248 872 65·
298 829 378 868 Pro
394 840 497 872 aere,
525 823 791 874 dehincserro,
810 818 988 858 dedimus
1005 829 1057 854 ex
1074 814 1187 867 quin-

132 909 209 950 que
220 893 391 934 Bentleii
404 889 525 930 Mss.
539 901 650 927 aerea
664 885 921 935 dehincserro.
956 881 1021 920 Ita
1032 892 1187 932 quarum

132 975 227 1008 non,
252 966 298 999 ut
315 956 517 996 Bentleius
539 959 667 1004 putat,
693 949 744 988 ad
771 946 919 987 saecula
946 934 1059 984 ae'rea
1086 942 1187 982 refe-

134 1025 299 1066 rendum
316 1030 402 1066 esu
426 1019 498 1059 sed
513 1017 565 1057 ad
592 1014 831 1055 antecedens
848 1025 902 1050 ex
917 1023 1034 1050 sensu
1051 1018 1189 1061 peten-

135 1091 245 1136 dum,
282 1085 430 1127 saecula
459 1095 602 1134 nempe
615 1082 736 1133 ferro
765 1078 919 1115 durata.
982 1074 1073 1112 Vid.
1100 1073 1190 1111 Ric.

134 1151 329 1195 Johnsoni
348 1147 566 1189 Arismch.
582 1151 670 1198 part
687 1143 743 1182 11.
760 1156 799 1194 p.
816 1145 883 1181 64.

190 1216 323 1257 XVII.
350 1217 413 1254 11.
465 1212 543 1250 Pro
560 1222 712 1254 unxere,
738 1207 804 1246 alii
832 1205 960 1244 lusere
989 1202 1108 1242 etiam
1139 1214 1190 1239 ex

139 1282 262 1323 MSS.

193 1350 256 1387 18.
306 1345 385 1384 Pro
402 1343 583 1395 relapms,
610 1339 676 1378 alii
693 1336 846 1376 relatus.

191 1414 260 1459 21,
284 1413 349 1450 22.

293 1487 610 1541 aniijzaventas‚
636 1488 673 1521 et
690 1479 916 1520 verecundus
927 1477 1028 1517 color

296 1552 469 1606 Reliquit
483 1563 565 1590 ossa
576 1546 678 1602 pelle
692 1546 829 1585 amicta
845 1544 971 1583 lurida
987 1559 1003 1582 .-

145 1645 228 1685 nic
242 1644 368 1689 locus,
385 1648 430 1680 ut
445 1639 542 1679 mihi
557 1638 727 1685 videtur,
745 1636 839 1675 satis
855 1634 1028 1686 elegam,
1045 1630 1115 1670 sed
1127 1645 1196 1684 pa-

146 1723 233 1748 rum
250 1707 486 1752 intelleetm,
511 1705 561 1743 ab
579 1702 794 1741 editoribus
809 1700 915 1738 varie
935 1705 1107 1737 tentatus
1123 1703 1196 1734 est.

148 1780 177 1800 “
203 1772 310 1817 Quid
326 1770 458 1809 enim?
487 1768 612 1820 inquit
629 1765 847 1811 Bendeius,
873 1770 961 1815 post
976 1763 1004 1801 J
1005 1762 1058 1800 ul.
1077 1761 1198 1800 Souli-

148 1846 177 1866 “
202 1851 351 1892 gerum.
387 1833 618 1874 Verecunda
634 1830 735 1870 color
746 1837 805 1868 est
817 1830 949 1867 rubor.
974 1827 1023 1865 Id
1040 1826 1198 1878 quidem

148 1910 177 1930 ‘⁴
202 1905 287 1942 sine
305 1898 569 1940 controversia
586 1904 660 1936 est.
685 1895 817 1935 Rubor
827 1907 922 1945 ergo
931 1892 1089 1943 reliquit
1101 1903 1201 1929 ossa.

148 1974 177 1994 ‘⁸
203 1969 283 2011 Qui
300 1974 408 2018 pote,
436 1972 481 2002 ut
509 1964 640 2001 locum
671 1961 880 2012 relinquat,
907 1957 974 1996 ubi
1000 1969 1199 2008 nunquam

149 2038 179 2058 ‘⁶
201 2032 304 2071 fuit?
332 2030 418 2082 quis
435 2028 551 2067 rubra
568 2041 651 2066 ossa
667 2026 730 2064 vel
747 2023 867 2063 fando
895 2021 1041 2061 audivit
1053 2022 1101 2059 ?''
1126 2023 1199 2059 &c-

151 2105 193 2138 et
210 2096 374 2150 proinde
387 2108 469 2134 ossa
482 2093 646 2132 mutavit
663 2091 704 2129 in
721 2103 803 2129 ora.
856 2087 936 2127 Sed
948 2087 1040 2132 hoc,
1058 2086 1092 2123 si
1109 2085 1203 2136 quid

152 2163 280 2209 video,
298 2168 358 2199 est
376 2158 559 2199 cavillari.
610 2156 753 2208 Neque
766 2153 870 2193 euim
888 2150 1078 2190 Horatius
1094 2149 1205 2202 quic-

153 2239 270 2278 quam
286 2225 383 2265 dicit
399 2224 449 2263 de
480 2222 604 2261 rubris
621 2220 775 2266 ossibus,
799 2225 841 2257 et
857 2215 1009 2268 reliquit
1025 2227 1110 2253 ossa
1137 2226 1206 2252 ue·
