1370 2574
141 282 194 320 24·
470 281 784 323 CARMINUM
835 282 868 321 1.

509 518 626 559 ODE
679 519 830 559 XVIII,

534 661 596 687 AD
626 661 794 689 VARUM.

137 770 344 816 NULLAM,
359 768 477 816 Vare,
496 780 606 808 sacra
617 768 696 807 vite
709 768 816 820 prius
829 768 973 810 severis
989 768 1167 810 arborem

136 836 252 874 Circa
268 834 362 872 mite
380 834 504 873 solum
524 833 692 879 Tiburis,
711 840 752 872 et
769 833 924 874 moenia
941 833 1071 875 Catili.

135 900 258 939 Siccis
277 899 406 940 omnia
422 911 510 937 nam
529 898 626 938 dura
644 897 754 939 Deus
771 898 997 949 proposuit:
1025 911 1153 950 neque

132 964 343 1003 Mordaces
360 963 471 1001 aliter
489 962 695 1013 diffugiunt
712 962 1003 1001 sollicitudines.

134 1030 231 1073 Quis
243 1036 330 1081 post
341 1028 429 1067 vina
439 1040 597 1080 gravem
608 1027 782 1068 militiam
794 1035 863 1068 aut
872 1028 1097 1081 pauperiem
1108 1041 1192 1068 cre-

441 1100 510 1145 pat
521 1093 536 1132 ἓ

133 1159 230 1204 Qui&
248 1173 325 1198 non
344 1166 384 1197 te
402 1158 544 1211 potius,
573 1157 730 1199 Bacche
747 1166 872 1209 patet,
896 1165 1029 1211 teque,
1047 1159 1191 1199 decens

443 1222 605 1262 Venus?
631 1262 633 1264 ,

133 1291 204 1338 At,
223 1303 272 1328 ne
292 1288 376 1341 quis
395 1286 537 1325 modici
551 1279 743 1325 *transiliat
761 1298 922 1325 munera
938 1286 1087 1336 Liberi,

131 1358 353 1395 Centaurea
369 1359 503 1391 monet
520 1365 610 1392 cum
627 1351 804 1404 Lapithis
821 1352 908 1393 rixa
922 1365 1039 1405 super
1056 1365 1165 1395 mero

131 1420 362 1463 Debellata;
387 1424 521 1456 monet
541 1417 726 1456 Sithoniis
739 1430 818 1457 non
835 1417 931 1458 levis
950 1418 1088 1467 Euius,

133 1486 233 1524 Cum
250 1484 307 1522 fas
326 1491 442 1534 atque
461 1482 569 1523 nefas
587 1482 732 1534 exiguo
750 1481 827 1522 fine
846 1482 1050 1523 libidinum

130 1551 371 1589 Discernunt
388 1547 501 1587 avidi.
530 1547 620 1588 Non
638 1560 714 1599 ego
731 1554 786 1595 te,
805 1547 969 1588 candide
983 1547 1187 1597 Bassareu,

131 1615 300 1652 Invitum
320 1612 503 1665 quatiam,
522 1625 595 1651 nec
613 1612 726 1651 variis
744 1611 869 1651 obsita
885 1611 1086 1652 frondibus

133 1681 215 1718 Sub
233 1680 363 1717 divum
380 1678 539 1730 rapiam.
568 1677 692 1718 Saeva
708 1684 800 1718 tene
818 1691 908 1720 cum
926 1677 1162 1731 Berecyntio

132 1745 266 1783 Cornu
278 1751 575 1795 tympana,quae
582 1742 830 1794 subsequitur
837 1742 1103 1784 caecusAmor
1113 1742 1186 1791 sui,

133 1810 186 1847 Et
203 1810 343 1848 tollens
361 1822 524 1850 vacuum
542 1809 628 1860 plus
646 1808 764 1847 nimio
783 1807 920 1848 Gloria
935 1807 1134 1857 verticem,

134 1874 358 1927 Arcanique
376 1874 490 1916 Fides
506 1872 682 1929 prodiga,
700 1872 934 1925 perlucidiot
951 1871 1063 1915 vitro.

540 2051 794 2059 w—
