1370 2574
376 293 687 339 CARMINUM
739 292 814 331 111.
1066 290 1121 328 99

274 410 382 448 Inter
399 407 535 446 ludere
552 405 733 456 virginee,

168 475 219 513 Et
238 473 356 513 stellis
374 471 554 510 nebulam
573 479 752 521 spargere
777 463 961 505 candidis.

270 539 375 585 Non,
394 537 425 575 si
444 535 538 587 quid
557 532 731 571 Pholoe'n
748 531 854 577 satis,

167 605 220 643 Et
238 613 292 651 te,
313 601 459 647 Chlori,
479 600 616 638 decet:
644 597 723 635 filia
741 596 884 635 rectius

271 668 480 719 Expugnat
494 666 679 714 juvenum
698 662 847 706 domos,

166 732 284 772 Pulso
303 730 447 782 Thyias
466 729 522 766 uti
542 726 695 766 concita
713 733 909 777 tympano.

268 796 380 834 Illam
398 793 504 844 cogit
521 804 628 830 amor
648 789 770 828 Nothi

164 860 350 899 Lascivae
368 857 531 896 similem
549 855 683 893 ludere
699 864 862 905 capreae
874 866 886 890 z

271 924 328 961 Te
347 923 457 960 lanae
474 932 596 972 prope
615 917 784 957 nobilem

165 989 318 1026 Tonsae
336 985 558 1031 Luceriam,
577 997 655 1022 non
674 983 859 1028 citharae,
878 980 1033 1028 decent,

269 1051 355 1088 Nec
374 1050 445 1086 flos
463 1059 679 1098 purpureus
697 1058 821 1091 rosae,
1038 1045 1042 1048 ⁴

166 1116 252 1156 Nec
267 1114 366 1167 poti,
383 1111 566 1159 vetulam,
584 1111 694 1150 faece
712 1118 826 1149 tenus
845 1108 942 1148 cadi.

449 1421 563 1461 ODE
616 1419 726 1460 XVI.

382 1578 441 1603 AD
470 1575 782 1602 MAECENATEM.

157 1697 379 1734 INCLUSAM
399 1695 563 1733 Danae’n
581 1693 697 1731 turris
716 1693 848 1739 ae'nea,

161 1761 436 1811 Robustaeque
454 1759 569 1804 fores,
589 1765 628 1796 et
645 1757 803 1808 vigilum
822 1767 962 1796 canum

211 1824 356 1862 Tristes
374 1823 562 1861 excubiae
580 1821 798 1860 munierant
815 1820 905 1859 satis

261 1887 473 1925 Nocturnis
491 1886 539 1924 ab
557 1885 764 1930 adulteris;

162 2018 202 2056 Si
220 2030 297 2054 non
316 2017 526 2063 Acrisium,
544 2015 702 2067 virginis
720 2014 873 2053 abditae
947 2037 953 2044 ι

160 2081 370 2120 Custodem
388 2081 583 2132 pavidum,
602 2081 756 2132 Jupiter
775 2088 813 2118 et
834 2066 966 2117 Verius

210 2145 422 2183 Risissent:
453 2145 536 2183 fore
555 2145 656 2183 enim
677 2152 804 2183 tutum
824 2145 896 2184 iter
915 2150 953 2184 et
971 2149 1106 2196 patens

262 2210 457 2248 Converso
472 2209 511 2247 in
528 2210 695 2262 pretium
713 2210 800 2248 deo.
