1370 2574
134 302 210 342 102
442 300 756 341 CARMINUM
807 302 883 342 ΠΙ.

234 412 334 451 Late
352 419 540 463 tyrannus
551 428 566 466 ⁴;
594 424 679 450 cras
695 411 798 450 foliis
816 425 953 452 nemus

234 478 389 524 Multis,
409 485 449 516 et
467 478 557 529 alga
574 478 682 516 littus
701 477 841 525 inutili,

282 542 461 580 Demissa
478 549 687 594 tempestas
706 543 754 580 ab
775 542 882 582 Euro

335 607 504 654 Sternet,
523 620 647 659 aquae
666 608 738 646 nisi
755 608 854 648 fallit
870 621 1008 660 augur,

229 738 392 776 Annosa
411 739 561 776 cornix.
590 740 696 778 Dum
715 740 830 792 potiS,
849 739 1000 777 aridum

229 802 429 854 Compone
448 804 595 854 lignum
611 818 621 841 ε
651 817 735 842 cras
755 803 926 842 Genium
943 815 1052 842 mero

280 867 444 905 Curabis
463 874 502 905 et
520 881 641 918 porco
658 866 846 914 bimestri,

327 931 426 970 Cum
444 932 611 980 famulis,
629 945 790 985 operum
808 931 956 971 solutis.

481 1149 595 1189 ODE
649 1150 802 1190 XVI-11.

495 1293 557 1319 AD
585 1293 786 1321 FAUNUM.

110 1390 158 1464 4,
219 1388 382 1433 ΡΛΠΝΕ,
412 1386 681 1438 Nympharum
700 1387 920 1438 fugientum
938 1393 1098 1435 amator,

218 1451 294 1489 Per
311 1464 418 1489 meos
432 1451 528 1489 fines
546 1459 587 1490 et
604 1452 735 1503 aprica
753 1464 844 1489 rura

217 1516 335 1555 Lenis
352 1515 523 1561 incedas,
550 1515 743 1567 abeasque
761 1515 888 1566 parvis

421 1581 584 1631 Aequus
602 1579 787 1624 alumnis;

217 1713 258 1752 Si
276 1720 388 1750 tener
405 1696 522 1763 plene
541 1709 646 1748 cadit
663 1710 810 1748 haedus
827 1721 945 1757 anno,

211 1778 342 1829 Larga
359 1790 433 1815 nec
451 1776 605 1822 desunt,
625 1774 788 1813 Veneris
806 1773 942 1822 sodali,

211 1843 313 1880 Vina
331 1849 517 1886 craterae,
543 1846 655 1877 vetus
673 1852 739 1878 ara
755 1839 879 1877 multo

415 1906 552 1943 Fumat
569 1905 701 1943 odore.

208 2035 329 2076 Ludit
346 2037 510 2074 herboso
527 2049 647 2086 pecus
666 2047 780 2072 omne
798 2045 949 2084 campo,

208 2102 308 2140 Cum
327 2100 396 2138 tibi
415 2099 552 2137 Nonae
571 2099 736 2136 redeunt
754 2098 1020 2137 Decembres:

209 2164 344 2204 Festus
361 2165 400 2203 in
418 2164 537 2216 pratis
555 2170 666 2201 vacat
684 2163 808 2202 otioso

413 2230 512 2268 Cum
530 2230 628 2268 bove
646 2241 768 2281 pagus
784 2242 795 2266 =
