1370 2574
194 302 269 340 130

518 298 833 340 CARMINUM
884 296 956 340 lv.

624 499 740 538 ODE
793 499 843 538 V.

559 629 620 654 AD
644 629 673 653 A
679 625 897 655 UGUSTUM.

302 736 433 774 D1v1s
453 743 536 774 orte
555 736 681 782 bonis,
700 735 844 786 optime
865 734 1055 773 Romulae

302 801 444 839 Custos
461 799 602 851 gentis,
621 800 712 837 abes
725 801 807 850 jam
826 798 987 836 nimium
1007 800 1074 837 diu
1087 813 1099 837 :
1140 802 1143 803 ⁷

301 864 503 903 Maturum
523 864 690 903 reditum
708 863 905 915 pollicitus
924 862 1084 902 Patrum

406 929 552 967 Sancto
570 928 751 975 concilio,
769 927 865 966 redi.
926 975 929 978 -

301 1059 452 1098 Lucem
471 1058 591 1097 redde
609 1065 714 1105 tuae,
733 1058 829 1096 Dux
846 1057 965 1106 bone,
982 1058 1152 1110 patriae}

302 1124 431 1162 Instar
449 1123 564 1170 veris,
583 1123 700 1169 enim,
727 1124 856 1161 vultus
874 1124 941 1162 ubi
958 1131 1048 1163 tuus

305 1189 479 1235 Affulsit,
498 1187 643 1240 populo
661 1187 807 1239 gratior
825 1187 856 1225 it
873 1188 971 1235 dies,

409 1252 463 1290 Et
480 1252 580 1290 soles
598 1251 737 1289 melius
755 1251 894 1290 nitent.

307 1385 364 1423 Ut
382 1391 506 1422 mater
520 1385 720 1434 juvenem,
739 1396 855 1434 quem
875 1382 1002 1421 Notus
1020 1382 1151 1422 invido

306 1449 433 1495 Flatu,
454 1447 654 1498 Carpathii
672 1454 779 1484 trans
797 1446 912 1484 maris
931 1458 1102 1497 aequora

306 1514 567 1553 Cunctantem
586 1511 711 1564 spatio
728 1511 883 1562 longius
901 1523 1044 1558 annuo,

409 1576 530 1615 Dulci
548 1575 707 1614 distinet
724 1587 747 1613 a
764 1573 894 1622 domo,

307 1708 434 1754 Votis,
454 1695 737 1758 ominibusque,
756 1713 796 1744 et
813 1706 1008 1758 precibus,
1025 1714 1154 1758 vocat,

308 1775 439 1813 Curvo
458 1785 532 1811 nee
549 1772 691 1811 faciem
708 1770 839 1809 littore
858 1771 1050 1810 dimovet:

310 1837 390 1886 Sic,
409 1837 611 1875 desideriis
629 1837 708 1874 icta
724 1835 916 1882 fidelibus,

415 1901 577 1945 Quaerit
593 1901 719 1952 patria
737 1901 956 1939 Caesarem.
1026 1922 1032 1928 ·

314 2033 439 2071 Tutus
457 2033 527 2070 bos
545 2032 691 2069 etenim
709 2044 799 2069 rura
815 2031 1082 2083 perambulat:

313 2097 450 2136 Nutrit
466 2109 557 2134 rura
575 2096 708 2142 Ceres,
727 2096 905 2147 almaque
925 2095 1140 2136 Faustitas:

314 2163 500 2203 Pacatum
518 2160 682 2198 volitant
699 2173 767 2212 per
785 2173 892 2199 mare
910 2161 1085 2201 navitae:

418 2225 578 2279 Culpari
593 2224 733 2264 metuit
751 2224 886 2265 Fides:
