1370 2574
166 285 240 323 168
525 283 754 322 EPODON
805 297 871 322 xv.

561 482 677 521 ODE
731 469 818 520 xv.

531 612 593 639 An
622 611 851 638 NEAERAM.

218 707 313 745 Nox
331 714 429 754 erat,
458 714 498 745 et
517 707 628 746 coelo
646 706 821 758 fulgebat
839 705 955 744 Luna
972 717 1112 745 sereno

370 773 479 811 Inter
497 773 646 811 minora
663 772 813 816 sidera;

213 839 314 878 Cum
332 845 391 885 tu,
409 850 637 889 magnorum
656 849 800 874 numen
818 835 971 875 laesura
987 836 1163 883 deorum,

370 902 417 940 In
435 903 555 941 verba
568 902 726 953 jurabas
743 914 846 948 mea,

216 968 379 1008 Arctius
391 976 508 1020 atque
522 967 668 1006 hedera
678 979 843 1018 procera
859 965 1114 1018 adstringitur
1125 966 1219 1014 ilex,

372 1033 510 1071 Lentis
528 1032 745 1071 adhaerens
762 1031 957 1071 brachiis:

214 1100 322 1139 Dum
339 1098 474 1152 pecori
491 1098 621 1151 lupus,
649 1105 703 1146 et,
722 1097 851 1136 nautis
868 1096 1046 1144 infestus,
1065 1095 1189 1135 Orion

370 1164 565 1203 Turbaret
582 1163 788 1201 hibernum
807 1174 928 1210 mare,

215 1230 475 1282 Intonsosque
494 1228 662 1280 agitaret
680 1227 874 1279 Apollinis
891 1239 987 1267 aura
1003 1226 1177 1279 capillos,

371 1294 471 1333 Fore
489 1294 598 1334 hunc
614 1305 788 1333 amorem
805 1299 999 1332 mutuum.

215 1362 252 1401 Ο
271 1361 440 1400 dolitura
457 1371 546 1398 mea
562 1358 729 1397 multum
746 1346 906 1405 birtine,
934 1357 1110 1396 Neaera!

246 1468 251 1469 ⁷
370 1426 487 1471 Nam,
515 1424 548 1463 si
566 1423 661 1477 quid
677 1423 718 1461 in
737 1422 880 1463 Flacco
900 1422 974 1462 viri
990 1429 1065 1469 est,

212 1492 306 1532 Non
323 1492 425 1530 feret
442 1489 613 1528 assiduas
631 1486 773 1539 potiori
790 1493 831 1525 te
848 1486 943 1525 dare
961 1493 1112 1533 noctes,

371 1555 424 1594 Et
442 1559 605 1606 quaeret
623 1553 743 1591 iratus
760 1563 895 1603 parem
909 1567 921 1596 ;

214 1623 303 1662 Nec
321 1620 443 1660 semel
460 1618 628 1658 offensae
647 1617 763 1656 cedet
781 1615 1002 1656 constantia
1016 1615 1178 1663 formae,

372 1685 414 1725 Si
432 1691 564 1724 certus
582 1683 735 1722 intrarit
752 1682 875 1722 dolor.

217 1754 274 1792 At
291 1760 349 1799 tu,
377 1749 614 1803 quicumque
633 1760 674 1785 es
692 1747 858 1794 felicior,
875 1753 995 1799 atque
1011 1759 1101 1786 meo
1114 1751 1218 1785 nunc

373 1814 571 1867 Superbus
590 1811 738 1850 incedis
756 1811 874 1859 malo,
935 1858 939 1860 ,

218 1883 277 1922 Sis
295 1893 441 1934 pecore
459 1886 500 1918 et
518 1878 640 1916 multa
657 1877 765 1915 dives
783 1877 924 1917 tellure
940 1875 1090 1924 licebit,

370 1944 538 1995 Tibique
557 1942 741 1980 Pactolus
759 1941 869 1989 fluat,

216 2013 303 2051 Nec
322 2018 362 2049 te
382 2009 630 2061 Pythagorae
647 2007 783 2048 fallant
799 2018 943 2045 arcana
958 2006 1098 2054 renati,

370 2074 588 2124 Formaque
605 2072 738 2109 vincas
758 2071 899 2116 Nirea;

219 2139 353 2178 Eheu!
382 2137 587 2176 translatos
607 2136 682 2173 alio
700 2135 892 2174 moerebis
910 2147 1061 2175 amores
1073 2148 1087 2173 ε

372 2205 446 2241 Ast
465 2214 539 2254 ego
557 2200 723 2239 vicissim
742 2200 874 2240 risero.
