1370 2574
183 305 259 344 1:86
581 302 853 343 NOTULAE

467 393 515 419 IN
542 393 628 420 Lm.
658 394 686 420 1.
713 391 966 419 cARmnmr·

186 478 303 519 etiam
333 478 462 517 Bentl.
502 478 712 537 eleganter.
765 479 824 516 At
853 477 946 524 urit,
974 475 1079 529 quod
1097 475 1245 529 Cyclo-

184 560 276 598 pum
296 545 466 584 officinas
484 544 640 582 flamm&
657 543 898 582 collucentes
916 541 1106 594 depingit,
1123 541 1178 581 ita
1194 548 1239 580 ut

183 610 247 648 uri
262 610 480 660 videantur,
498 609 582 661 ipso
601 607 779 647 Vulcano
807 607 975 654 ardente,
1013 606 1079 660 (ut
1105 605 1240 658 clipeos

183 677 356 714 ardentes
374 674 477 726 apud
495 674 606 725 Virg.
627 675 729 712 Aen·
754 672 809 710 ΙΙ.
826 672 938 725 734.)
960 671 1083 711 multo
1112 671 1238 719 effica-

184 741 266 779 cius
283 740 450 778 videtur.

237 806 306 842 IV.
339 808 398 844 16.
439 802 675 855 Fabulaeque
692 815 817 840 manes
839 814 911 853 per
940 801 1240 853 appositionem,

185 877 242 917 ut,
268 870 372 922 apud
387 869 577 914 Persium,

461 965 580 1012 Ciuis,
606 970 641 1003 et
661 975 819 1012 MANES,
837 969 873 1001 et
887 963 1159 1016 FABULAfies.

959 1027 1040 1066 Sat.
1054 1027 1104 1066 V.
1124 1030 1212 1068 152.

234 1109 305 1147 VI.
332 1111 370 1147 2.
410 1107 513 1146 Alite
530 1120 664 1146 omnes
683 1106 749 1159 qui
775 1106 858 1145 noti
877 1113 967 1145 sunt
996 1105 1085 1144 libri
1115 1106 1244 1146 MSS·

182 1175 350 1218 Quidam
369 1180 497 1212 tamen
516 1173 589 1210 viri
607 1173 713 1211 docti
731 1185 801 1223 pro
820 1171 910 1209 alite
926 1170 1064 1222 legunt
1081 1169 1180 1217 aliti,
1194 1177 1240 1210 ut

182 1239 231 1278 sit
252 1239 402 1278 dativus
421 1238 586 1290 agentis,
604 1246 645 1276 et
662 1238 713 1275 ad
741 1236 891 1275 Varium
910 1235 1112 1273 referatur.
1158 1235 1239 1274 Sed

182 1304 272 1343 alite
304 1317 426 1355 aeque
458 1303 508 1341 ad
531 1303 691 1341 Varium
720 1301 866 1340 referre
897 1301 1004 1340 lIcet.
1031 1301 1115 1339 Cel.
1145 1301 1239 1340 Jani

183 1369 355 1419 quidem,
385 1379 555 1418 nuperus
585 1365 809 1404 Carminum
841 1364 981 1411 editor,
1026 1365 1240 1412 existimat,

183 1437 209 1456 ‘⁴
226 1432 303 1469 Pro
318 1445 341 1468 a
354 1437 389 1469 et
403 1430 563 1469 ablativo
575 1430 743 1468 dativum
758 1443 842 1468 esse
853 1429 958 1480 apud
968 1430 1118 1480 poetas,
1131 1441 1238 1468 NUN-

182 1502 209 1521 “
225 1508 350 1537 QUAM
371 1496 678 1533 ABLATIVUM.”
709 1494 787 1532 Sed
805 1494 882 1532 hoc
899 1500 1048 1532 temere
1065 1493 1178 1532 nimis
1196 1506 1237 1533 e-

183 1562 282 1600 dixit
300 1562 358 1599 vir
385 1561 540 1607 doctus,
570 1567 614 1598 ut
631 1561 767 1611 poetas
785 1559 992 1611 diligenter
1005 1559 1153 1612 legenti
1170 1572 1238 1613 pa-

180 1628 292 1666 tebit.
321 1626 367 1664 E.
387 1626 439 1664 G.
458 1625 635 1672 Ovidius,
653 1625 703 1663 de
721 1624 851 1671 Iside,

136 1770 138 1773 ,
209 1724 322 1763 Nunc
339 1724 411 1762 dea·
428 1733 641 1761 nmmum
660 1721 794 1762 colitur
809 1720 1042 1760 celeberrima
1060 1732 1222 1761 rmum.

925 1785 1028 1824 Met.
1045 1785 1078 1824 Ι.
1096 1787 1186 1828 747-

213 1868 276 1906 Sic
296 1866 442 1905 Helene
459 1865 596 1913 doleat,
614 1865 830 1916 desertaque
847 1875 1039 1903 consuet:
1049 1862 1188 1916 ploret.

937 1928 1037 1967 Her.
1056 1928 1104 1967 V.
1122 1929 1186 1970 75.

186 2009 265 2048 Sed
282 2022 361 2046 non
381 2008 519 2054 solum,
551 2006 618 2045 ubi
636 2007 685 2046 de
713 2011 844 2059 agente
862 2018 988 2044 sermo
1018 2011 1093 2052 est,
1124 2017 1239 2044 casus

183 2073 386 2118 ablativus,
421 2086 534 2123 quem
568 2079 722 2119 vocant,
753 2070 878 2108 vicem
909 2068 1028 2107 dativi
1059 2068 1241 2116 sustinet,

179 2137 249 2175 sed
269 2137 385 2175 etiam
417 2136 481 2175 ubi
512 2137 624 2175 aliter
656 2134 906 2189 accipiendus
937 2141 1022 2180 est;
1048 2140 1104 2182 ut,
1133 2133 1246 2186 apud.

179 2202 400 2254 Virgilium,
