1370 2574
490 316 760 359 noman
1074 316 1152 360 lan

379 411 425 439 ιιι
454 409 540 437 ιη.
566 408 596 437 1.
622 403 874 435 canutum.

164 497 339 550 Una-‘que
352 496 543 547 decerptae
541 491 686 545 Μὰ
693 502 926 544 praeponere
949 487 1096 528 olim-u.

106 588 246 635 Nobis,
255 583 316 625 his
328 584 540 638 perpensis,
554 582 755 635 ingeniosa
767 593 860 619 sane
874 578 1026 617 videtur
1039 576 1154 616 Eras-

107 652 160 690 mi
177 651 415 702 coniectura,
433 657 474 688 e't
491 649 608 701 ipsius
627 645 782 686 Horatii
801 644 958 696 ingenio
989 656 1068 681 non
1096 642 1155 679 in·

108 713 239 769 digna.
275 716 476 762 Attamen,
496 713 676 766 quoniam
694 725 718 750 a
735 710 850 749 codd.
867 708 1020 760 scriptis
1040 706 1158 747 nimiu

107 781 269 821 fortune
283 780 448 826 recedit,
473 777 784 817 emendationem
809 774 1059 814 certissimam
1083 771 1158 812 cel⁴

111 845 329 891 Sohmderi,
349 844 461 895 Eloq.
478 851 518 882 et
537 841 798 880 Historiarum
817 840 856 877 in
872 839 998 878 Acad.
1015 837 1163 875 Eram-

110 922 282 963 queram
296 909 401 961 apud
420 908 560 946 Frisios
586 919 710 957 nuper
734 904 840 945 Prof.
865 905 905 942 in
930 908 1160 942 contextum

112 976 287 1028 recipere
304 987 383 1013 non
401 972 683 1012 dubitavimus:

163 1065 343 1117 luneque
359 1060 703 1115 decerptamflonti
711 1071 946 1112 praeponere
966 1057 1113 1096 olivam.

113 1167 229 1206 Haec
245 1166 319 1206 cel.
338 1164 544 1204 Schrader-i
563 1162 800 1208 emendatio,
831 1174 947 1213 quae,
977 1160 1091 1198 unius
1117 1158 1165 1197 li-

114 1232 264 1272 terulae
281 1230 511 1276 mutatione,
530 1229 648 1280 ipsius
660 1227 815 1266 Horatii
833 1238 990 1264 manum
1008 1225 1164 1262 restitu-

115 1297 190 1335 isse
207 1295 375 1342 videtur,
393 1295 432 1333 in
451 1294 596 1332 crimen
626 1292 812 1331 audaciae
840 1298 909 1329 aut
936 1287 1167 1328 temeritatis

115 1361 273 1400 minime
290 1359 463 1399 incurrit.
518 1358 646 1396 Voces
662 1358 765 1396 enim
783 1356 870 1394 inde
886 1363 928 1394 et
945 1354 1043 1392 unde
1067 1367 1092 1392 a
1121 1353 1166 1391 li-

116 1425 254 1464 bra-iis
271 1424 456 1464 confundi
474 1431 514 1461 et
531 1422 760 1462 commutari
778 1421 925 1464 solent3
948 1419 1047 1472 (vid.
1065 1419 1167 1456 Dra·

118 1490 235 1531 kenb-
262 1489 315 1528 ad
340 1488 427 1526 Liv.
458 1488 646 1526 XXXIX.
676 1501 712 1526 c.
743 1489 806 1525 33.
830 1492 872 1523 et
889 1484 980 1523 alibi
999 1482 1163 1535 passim)

121 1555 188 1606 qui
204 1554 369 1606 primum
387 1553 510 1591 rarius
525 1552 758 1591 vocabulum
777 1561 967 1590 mozene
993 1549 1034 1586 in
1052 1547 1170 1586 usita-

121 1619 199 1656 tius
217 1629 408 1658 mundun
440 1618 623 1663 mutasse,
651 1616 794 1654 deinde
823 1614 1082 1666 copulativam
1117 1624 1169 1650 ετ

123 1682 165 1720 in
182 1683 259 1721 fine
273 1683 410 1734 prioris
427 1694 561 1719 versus
578 1680 784 1726 addidisse,
801 1679 1005 1716 videntur.
1023 1690 1113 1717 nam
1125 1690 1174 1719 ea

124 1760 203 1785 vox
221 1760 246 1785 a
260 1747 411 1785 duobus
429 1760 479 1785 ex
498 1746 611 1784 codd.
625 1744 893 1815 Lipsiensibus
910 1743 1046 1785 abest;
1073 1754 1173 1793 quae

124 1820 270 1860 tamen,
301 1812 333 1850 si
361 1812 524 1863 undique
552 1811 740 1860 legamus,
769 1808 927 1847 omnino
957 1808 1179 1846 necessaria

124 1884 195 1915 est.
248 1876 364 1914 Hanc
382 1875 691 1914 emendationem
718 1872 1003 1925 quodammodo
1034 1872 1174 1911 confir-

123 1948 232 1979 mant
247 1954 380 1979 versus
397 1940 635 1986 Lucretiani,
662 1952 760 1990 quos
791 1938 980 1976 Horatius
1007 1938 1072 1976 hic
1103 1937 1172 1975 ali-

130 2012 318 2056 quatenus
335 2005 570 2056 expressisse
588 2011 767 2056 putatur:

183 2109 282 2148 Avia
301 2109 498 2148 Pieridum
510 2122 676 2160 peragro
694 2106 787 2153 loca,
814 2105 953 2144 nullius
970 2111 1057 2144 ante

189 2173 299 2212 Trita
315 2172 392 2212 solo
409 2189 424 2211 .·
440 2176 554 2227 juvat
573 2174 734 2225 integros
751 2171 923 2209 accedere
921 2173 1071 2223 sontae,

187 2238 310 2296 Atque
326 2237 480 2276 haurire
495 2240 703 2290 :juvatque
716 2250 825 2275 novos
836 2236 1029 2288 decerpere
1023 2233 1150 2285 flores
1162 2249 1180 2278 ,-
