1370 2574
180 299 255 338 180
570 299 839 340 NOTULAE

459 389 507 415 m
535 388 621 416 mn.
649 390 679 416 1.
707 390 958 420 cARuan.

179 474 316 513 oculos
343 474 523 512 habuisse
540 474 696 514 videtur
711 488 845 515 versus
872 476 1031 517 Pindari
1061 490 1086 517 a
1115 478 1238 518 Bent-

182 538 259 577 leio
277 552 300 578 e
320 539 443 578 Sexto
462 538 661 592 Empirico
677 539 827 582 allatos·

393 616 615 658 Aenon-0301·
631 636 690 670 μιν
708 637 798 663 τινας
818 620 954 675 {vogen-

397 703 482 725 mm
500 687 612 725 iarn-ur
629 704 728 738 τιμαι
746 705 806 726 m
825 697 972 736 πφινοι·

395 762 466 797 ‘ru
484 752 516 792 δ’
529 754 557 793 ἔν
575 764 804 807 πολυχςυσοις
823 760 989 806 balapus
1006 763 1122 802 βιᾶται.

179 835 240 875 Ut
261 835 440 874 Pindarus
459 836 647 889 ἐυφςιιωσι
667 843 821 874 τῐΝΑΣ
840 844 1079 886 peu—’rora
1107 833 1153 880 δι,
1185 836 1239 874 ita

178 900 368 940 Horatius
385 901 504 939 Juvat
521 900 784 940 huno—illum.
839 901 930 940 Vid.
950 901 1148 953 Cuningh.
1179 903 1237 941 A-

179 966 324 1004 nimad.
342 979 381 1018 p.
397 967 490 1012 277,
509 973 550 1004 et
562 972 670 1018 seqq.

248 1029 282 1068 I.
315 1034 376 1070 13.
443 1030 520 1069 Pro
538 1030 723 1070 dimoveas
740 1024 954 1069 Lambinus
973 1030 1147 1082 reposuit
1171 1031 1234 1070 de-

179 1110 323 1136 moveas
335 1113 352 1141 ‚·
380 1103 503 1142 recte,
530 1096 562 1133 si
581 1103 739 1147 etymon
758 1103 923 1147 spectes.
968 1097 1039 1143 At,
1058 1109 1177 1148 quum
1195 1105 1236 1136 et

178 1162 220 1201 di
238 1169 278 1201 et
296 1162 342 1199 de
359 1161 641 1214 separationem
661 1161 880 1212 designent,
906 1161 1046 1199 horum
1065 1168 1106 1200 et
1131 1161 1235 1199 simi-

176 1229 273 1267 lium
284 1228 489 1265 verborum
505 1227 712 1265 discrimen
728 1225 948 1278 neglexisse
961 1226 1142 1265 videntur
1154 1240 1235 1265 non

179 1294 303 1332 solum
321 1292 482 1338 librarii,
502 1305 635 1330 verum
654 1291 726 1342 ipsi
746 1304 901 1343 quoque
919 1299 1112 1330 auctores.
1145 1291 1235 1331 Vid.

177 1357 347 1396 Gesneri
366 1357 554 1395 Thesaur.
573 1356 612 1394 in
630 1369 728 1394 voce
747 1355 925 1394 diminwo.

244 1426 304 1461 16.
358 1422 467 1460 Rura
487 1420 616 1473 oppidi
632 1421 705 1468 sui,
738 1420 762 1458 i.
788 1433 824 1459 e.
856 1420 999 1472 oppido
1028 1433 1100 1459 suo
1127 1420 1234 1472 adJa·

174 1487 320 1532 centia,
349 1499 428 1524 non
458 1492 566 1524 recte
598 1485 675 1523 dici
706 1485 902 1523 existimat
922 1485 995 1523 cel.
1019 1484 1233 1524 Bentleius.

178 1552 236 1591 At
256 1550 372 1589 Silius
390 1549 550 1588 Italicus
568 1549 651 1601 pari
669 1541 786 1588 modo
805 1548 906 1588 dixit

277 1638 586 1648 --———--
603 1613 768 1653 nebulosi
786 1625 906 1652 num
926 1613 1098 1653 CAsnu.

175 1682 266 1720 Vid.
286 1681 374 1720 Ric.
392 1680 585 1718 Johnsoni
605 1679 821 1717 Aristarch.
847 1671 892 1716 P.
910 1671 963 1716 11.
982 1693 1021 1731 p.
1043 1681 1104 1717 10.

227 1749 291 1785 29.
343 1745 421 1783 Pro
439 1758 495 1783 me
523 1744 753 1783 Franciscus
773 1743 897 1790 Hare,
930 1744 1134 1796 episcopus
1167 1743 1232 1783 Ci-

174 1811 397 1857 cestrensis,
436 1809 608 1861 reposuit
636 1816 685 1856 te,
720 1816 762 1848 ut
792 1809 842 1848 ad
871 1807 1143 1848 Maecenatem
1169 1821 1231 1847 re-

134 1909 138 1913 .
174 1878 337 1923 feratur,
364 1875 619 1927 probantibus
638 1874 898 1921 Broukhusio,
919 1868 1168 1920 Marklando,
1192 1886 1233 1911 a·

175 1943 249 1980 liis.
305 1941 384 1979 Sed
414 1949 542 1992 'neque
560 1939 659 1977 haec
674 1940 907 1989 'conjectura
934 1939 1120 1977 librorum
1153 1939 1232 1978 suf-

174 2007 340 2058 fragium
359 2006 492 2052 habet,
520 2018 594 2043 nec
622 2003 748 2056 poe'sis
767 2003 990 2055 primarium
1020 1998 1230 2042 Maecena-

175 2073 226 2114 tis
244 2071 413 2110 studium
432 2070 518 2108 fuit.

228 2168 282 2213 11.
303 2171 363 2208 15.

519 2166 765 2204 Monumenta
783 2164 896 2217 regis,

524 2229 747 2283 Templaque
776 2231 915 2268 Vestae.
