1430 2644
405 334 410 338 .
426 297 602 339 INDEX
646 296 918 338 CODICUM.
1137 297 1208 336 xxi

149 416 262 459 codd.
282 417 490 469 descripta,
519 428 635 468 quam
667 415 844 454 Gesner-o
875 413 1033 453 donavit
1065 412 1196 452 Chris-

147 483 258 535 toph.
287 482 438 521 Saxius.

203 547 294 586 Cod.
320 558 383 585 σο.
400 556 608 591 anonam,
636 546 747 595 cujus
774 543 1035 589 collationem,
1059 555 1191 581 exem-

146 612 213 663 plo
241 610 304 650 ed.
332 609 611 649 Torrentianae
642 607 890 659 adscriptam,
931 607 1066 646 habuit
1092 606 1191 645 Ges·

146 687 275 714 uerus.
327 674 390 713 Ex
408 674 468 722 iis,
487 687 586 726 quae
599 674 638 711 in
655 673 732 711 fine
748 672 895 711 codicis
913 679 1017 719 sunt,
1035 677 1196 724 apparet

147 751 236 777 eum
253 751 338 778 esse
356 752 378 778 e
396 738 552 778 saeculo
570 738 648 776 xiv.
700 737 911 776 Lectiones
925 735 1110 788 quasdam
1123 747 1192 774 ex-

145 803 253 844 hibet
270 803 563 848 memorabiles;
589 802 730 840 multas
749 801 925 853 optimas.

272 948 444 976 comeus
473 949 519 975 Μ.
544 947 714 974 cnmsr.
746 946 917 973 iuvuns
947 944 1061 973 sam.

199 1005 316 1043 C'odd.
330 1015 655 1042 ‘DESSAVIENSES
674 1003 766 1050 duo,
796 1015 847 1039 ex
866 1000 1110 1039 Bibliotheca
1132 1011 1193 1038 se-

145 1068 334 1107 renissimi
352 1067 543 1119 Principis
562 1066 765 1105 Anhaltini
779 1064 1069 1108 Dessaviensis3
1097 1076 1193 1115 quo-

147 1146 246 1178 rum,

198 1198 383 1243 Pmmm,
409 1197 739 1242 membranaceus,
756 1194 948 1234 laceratus
965 1199 1006 1231 et
1022 1191 1196 1238 mutilus,

146 1262 228 1314 ipse
245 1273 268 1300 e
286 1261 442 1300 saeculo
460 1261 538 1298 xiv.
564 1259 634 1298 sed
652 1271 703 1298 ex
732 1265 885 1297 vetusto
915 1256 1122 1296 admodum
1153 1262 1200 1294 et·

145 1327 247 1365 bono
266 1324 477 1377 exemplari
495 1323 734 1374 descriptus;

200 1390 438 1437 SECUNDUS,
464 1389 582 1427 etiam
595 1388 924 1434 membranaceus,
942 1387 983 1424 in
1001 1399 1078 1438 quo
1092 1385 1190 1423 mul-

146 1463 187 1494 ta
204 1462 294 1494 sunt
311 1467 409 1506 quae
427 1453 592 1507 scribam
611 1453 811 1491 declarant
829 1451 964 1489 rudem
982 1457 1023 1489 et
1036 1450 1191 1501 imperi-

145 1527 240 1558 tum.
292 1518 456 1557 Videtur
472 1517 602 1569 paullo
621 1516 815 1555 recentior
832 1515 964 1567 priori.

202 1584 292 1623 Cod.
318 1592 624 1620 MENTELIANUS
642 1594 664 1619 e
682 1580 836 1619 saeculo
856 1579 911 1618 xi.
940 1579 1006 1630 qui
1035 1578 1126 1618 olim
1152 1578 1193 1617 in

144 1647 381 1687 bibliotheca
397 1646 424 1684 J
426 1658 462 1683 0.
478 1645 505 1683 J
507 1657 565 1684 ac.
583 1644 763 1683 Mentelii
779 1643 866 1681 fuit.

200 1712 316 1751 codd.
342 1720 583 1748 LIPSIENSES
612 1715 791 1760 quatuor,
820 1707 944 1760 quiin
962 1707 1190 1758 splendidis-

144 1777 240 1816 sima
254 1775 491 1814 bibliotheca
521 1773 714 1812 senatoria
744 1772 899 1824 Lipsiae
926 1771 1190 1810 adservantur.

146 1841 230 1884 Qui
242 1839 291 1878 de
308 1838 368 1876 his
399 1838 510 1889 plura
535 1837 640 1884 velit,
669 1836 760 1875 Jani
788 1836 948 1875 odarum
978 1835 1191 1874 editionem

146 1905 271 1944 adeat.

197 1969 313 2007 Codd.
340 1978 580 2005 ALTORFINI
598 1967 690 2014 duo,
719 1978 883 2018 quorum
911 1973 1089 2013 ramus,
1115 1966 1192 2005 etsi

146 2046 170 2071 a
187 2033 314 2071 scriba
329 2032 440 2070 valde
458 2031 616 2070 indocto
634 2037 828 2077 exaratus,
846 2042 869 2068 e
885 2030 990 2069 bono
1007 2036 1137 2068 tamen
1148 2037 1192 2069 et

146 2109 251 2135 nunc
268 2097 402 2146 ignoto
428 2096 587 2148 antiquo
613 2095 750 2134 codice
780 2094 997 2146 exscriptus
1013 2093 1190 2133 videtur:

145 2160 264 2199 habet
282 2160 383 2198 enim
400 2159 585 2199 lectiones
614 2160 754 2198 multas
772 2159 948 2210 egregias
967 2165 1007 2196 et
1034 2157 1189 2209 elegan-

149 2231 222 2272 tes,
252 2235 352 2276 quae
369 2224 431 2263 vel
462 2237 549 2264 raro
574 2224 638 2264 vel
655 2236 845 2276 nusquam
872 2222 964 2262 alias
994 2221 1190 2274 reperian-
