1370 2574
198 294 275 333 208
595 289 865 330 NOTULAE

460 381 507 408 IN
535 381 620 407 LIB.
649 381 715 408 111.
742 379 995 408 CARMINUM.

249 469 319 507 IV.
341 471 400 507 16.
437 467 604 510 Quidam
621 466 735 504 codd.
763 465 932 513 Forenti,
946 477 1048 518 quae
1060 477 1153 505 veta
1168 465 1249 505 lec-

198 534 254 573 tio
272 534 436 571 videtur.
453 532 530 570 vid.
547 531 651 570 Jani.

248 601 312 636 21.
376 599 500 636 Vester
527 595 638 635 tollor
651 612 668 640 ,·
697 595 721 633 i.
740 609 775 633 e.
793 603 936 642 vester,
973 592 1054 633 sfve
1082 594 1122 633 in
1142 600 1250 638 ,tute-

195 664 234 702 la
264 670 404 709 vestra,
437 677 535 710 sum,
566 675 652 700 cum
678 661 815 706 tollor;
841 674 920 709 seu,
938 660 964 700 i.
982 673 1017 699 e.
1035 660 1097 699 vel
1115 660 1249 712 3ἰῇίῆ-

189 729 321 782 gidum
341 729 546 766 Praeneste
556 726 714 779 placuit.
749 729 762 742 ⁴

246 796 309 832 31.
362 793 438 830 Pro
470 797 629 838 arentes,
665 790 775 828 multi
804 802 855 829 ex
884 788 1006 829 MSS.
1033 789 1180 828 habent
1206 802 1249 827 u-

192 865 327 896 rentes.

245 924 308 960 38.
349 920 530 959 Reddidit
548 919 658 957 multi
674 918 788 958 codd.

242 989 307 1024 43.
359 984 520 1023 Turbam
540 983 649 1021 multi
670 983 784 1021 codd.
814 989 857 1021 ut
875 989 916 1022 et
933 989 1012 1022 tres
1042 981 1154 1022 editt.
1181 994 1247 1021 ve-

193 1059 332 1092 tustae.
385 1050 466 1088 Alii
484 1055 656 1087 turmam.

243 1121 308 1156 46.
362 1115 439 1154 Pro
466 1121 502 1153 et
520 1113 640 1160 urbes,
668 1118 702 1151 et
731 1112 879 1151 umbras
894 1112 1138 1152 felix-Bentl.
1153 1125 1246 1153 con-

185 1184 353 1234 jectum.

243 1247 308 1286 47.
371 1244 410 1282 T
406 1257 531 1281 armas
549 1242 625 1280 alii.

242 1310 292 1348 V.
318 1313 354 1348 8.
396 1307 520 1346 Armis
549 1307 708 1358 vulgata
725 1306 912 1344 librorum
943 1305 1076 1345 lectio.
1130 1305 1246 1345 Arvis

186 1375 340 1415 emend.
358 1374 430 1412 viri
450 1372 570 1420 docti,
590 1371 695 1423 quod
713 1384 818 1410 nunc
832 1371 989 1410 demum
1006 1371 1135 1410 firmat
1153 1370 1243 1410 eod.

190 1440 338 1479 Altorf.
362 1442 395 1476 l.
412 1437 515 1476 Jani.

254 1507 314 1543 15.
388 1500 587 1540 Trizhentis
617 1511 751 1538 omnes
780 1499 894 1538 codd.
934 1507 976 1539 et
1003 1500 1115 1539 editt.
1148 1506 1244 1539 vett.

188 1570 293 1610 unde
325 1568 454 1608 Bentl.
484 1565 694 1617 legendum
734 1566 836 1616 conj.
865 1565 1021 1619 exempli
1047 1565 1244 1614 trahentis,

187 1637 213 1674 i.
232 1649 267 1674 e.
286 1633 529 1674 conditiones
547 1630 755 1683 perniciosi
773 1631 956 1684 exempli.

239 1703 304 1739 21.
363 1698 443 1736 Alii
462 1697 623 1748 direpta.

239 1765 303 1805 37.
361 1763 439 1801 Pro
457 1761 607 1807 inscius,
626 1759 738 1798 multi
758 1760 872 1799 codd.
890 1761 1026 1814 aptius.

238 1828 310 1867 VI.
328 1830 391 1866 20.
429 1825 580 1864 Eodem
599 1824 715 1863 modo
736 1824 899 1863 Ovidius

239 1946 249 1956 .
279 1947 289 1956 .
316 1945 326 1955 .
354 1945 365 1955 .
397 1917 510 1954 Omen
516 1915 673 1968 patriae
689 1914 840 1963 laetum,
845 1913 1058 1968 populoque
1079 1915 1243 1961 Quirini.

906 1979 1009 2018 Met.
1022 1980 1111 2018 XV.
1127 1982 1218 2022 572.

240 2075 303 2112 22.
357 2070 539 2123 Fingitur
555 2070 722 2109 artubus.
768 2071 831 2110 Ita
843 2051 1025 2122 legeruot
1047 2071 1183 2114 Acron
1201 2077 1243 2110 et

190 2135 449 2190 Porphyrion,
478 2135 544 2187 qui
565 2135 733 2174 diserte:
772 2140 800 2160 “
827 2135 993 2174 Artubus
1018 2135 1242 2187 legendum,

192 2206 218 2226 “
238 2215 315 2241 non
333 2199 489 2248 artibus,
508 2199 599 2252 quia
616 2212 694 2239 non
712 2199 818 2239 venit
835 2212 858 2240 a
875 2199 1112 2239 nominativo
1129 2205 1244 2248 ane-5,
