<?xml version="1.0" encoding="UTF-8"?>
<!DOCTYPE html PUBLIC "-//W3C//DTD XHTML 1.0 Transitional//EN"
    "http://www.w3.org/TR/xhtml1/DTD/xhtml1-transitional.dtd">
<html xmlns="http://www.w3.org/1999/xhtml" xml:lang="en" lang="en">
 <head>
  <title>
</title>
<meta http-equiv="Content-Type" content="text/html;charset=utf-8" />
  <meta name='ocr-system' content='tesseract 3.04.00' />
  <meta name='ocr-capabilities' content='ocr_page ocr_carea ocr_par ocr_line ocrx_word'/>
</head>
<body>
  <div class='ocr_page' id='page_1' title='image "./operahunt01horauoft_0186.png"; bbox 0 0 1370 2574; ppageno 0'>
   <div class='ocr_carea' id='block_1_1' title="bbox 191 283 270 323">
    <p class='ocr_par' dir='ltr' id='par_1_1' title="bbox 191 283 270 323">
     <span class='ocr_line' id='line_1_1' title="bbox 191 283 270 323; baseline 0.013 -2"><span class='ocrx_word' id='word_1_1' title='bbox 191 283 270 323; x_wconf 78' lang='lat'><strong>154</strong></span> 
     </span>
    </p>
   </div>
   <div class='ocr_carea' id='block_1_2' title="bbox 537 282 870 327">
    <p class='ocr_par' dir='ltr' id='par_1_2' title="bbox 537 282 870 327">
     <span class='ocr_line' id='line_1_2' title="bbox 537 282 870 327; baseline 0.015 -5"><span class='ocrx_word' id='word_1_2' title='bbox 537 282 767 324; x_wconf 83' lang='lat' dir='ltr'>EPODON</span> <span class='ocrx_word' id='word_1_3' title='bbox 818 284 870 327; x_wconf 81' lang='lat' dir='ltr'><strong>iv.</strong></span> 
     </span>
    </p>
   </div>
   <div class='ocr_carea' id='block_1_3' title="bbox 294 393 1126 837">
    <p class='ocr_par' dir='ltr' id='par_1_3' title="bbox 398 393 842 447">
     <span class='ocr_line' id='line_1_3' title="bbox 398 393 842 447; baseline 0.009 -16"><span class='ocrx_word' id='word_1_4' title='bbox 398 393 627 434; x_wconf 85' lang='lat' dir='ltr'><strong>Siticulosae</strong></span> <span class='ocrx_word' id='word_1_5' title='bbox 648 396 842 447; x_wconf 79' lang='lat' dir='ltr'><strong>Apuliae3</strong></span> 
     </span>
    </p>

    <p class='ocr_par' dir='ltr' id='par_1_4' title="bbox 294 456 1117 564">
     <span class='ocr_line' id='line_1_4' title="bbox 294 456 1117 506; baseline 0.009 -11"><span class='ocrx_word' id='word_1_6' title='bbox 294 456 380 496; x_wconf 91' lang='lat' dir='ltr'><strong>Nec</strong></span> <span class='ocrx_word' id='word_1_7' title='bbox 399 472 539 497; x_wconf 89' lang='lat' dir='ltr'><strong>munus</strong></span> <span class='ocrx_word' id='word_1_8' title='bbox 557 460 728 499; x_wconf 83' lang='lat' dir='ltr'><strong>humeris</strong></span> <span class='ocrx_word' id='word_1_9' title='bbox 747 460 913 501; x_wconf 83' lang='lat' dir='ltr'><strong>efficacis</strong></span> <span class='ocrx_word' id='word_1_10' title='bbox 931 459 1117 506; x_wconf 69' lang='lat' dir='ltr'><strong>Herculis</strong></span> 
     </span>
     <span class='ocr_line' id='line_1_5' title="bbox 397 523 783 564; baseline 0.005 -3"><span class='ocrx_word' id='word_1_11' title='bbox 397 523 538 562; x_wconf 86' lang='lat' dir='ltr'><strong>Inarsit</strong></span> <span class='ocrx_word' id='word_1_12' title='bbox 556 525 783 564; x_wconf 84' lang='lat' dir='ltr'><strong>aestuosius.</strong></span> 
     </span>
    </p>

    <p class='ocr_par' dir='ltr' id='par_1_5' title="bbox 295 588 1126 707">
     <span class='ocr_line' id='line_1_6' title="bbox 295 588 1126 645; baseline 0.011 -21"><span class='ocrx_word' id='word_1_13' title='bbox 295 588 366 634; x_wconf 91' lang='lat' dir='ltr'><strong>At,</strong></span> <span class='ocrx_word' id='word_1_14' title='bbox 395 589 425 625; x_wconf 88' lang='lat' dir='ltr'><strong>si</strong></span> <span class='ocrx_word' id='word_1_15' title='bbox 447 589 540 640; x_wconf 91' lang='lat' dir='ltr'><strong>quid</strong></span> <span class='ocrx_word' id='word_1_16' title='bbox 559 602 728 640; x_wconf 85' lang='lat' dir='ltr'><strong>unquam</strong></span> <span class='ocrx_word' id='word_1_17' title='bbox 747 590 825 629; x_wconf 83' lang='lat' dir='ltr'><strong>tale</strong></span> <span class='ocrx_word' id='word_1_18' title='bbox 844 593 1126 645; x_wconf 79' lang='lat' dir='ltr'><strong>concupiveris,</strong></span> 
     </span>
     <span class='ocr_line' id='line_1_7' title="bbox 396 652 955 707; baseline 0.007 -16"><span class='ocrx_word' id='word_1_19' title='bbox 396 652 539 692; x_wconf 90' lang='lat' dir='ltr'><strong>Jocose</strong></span> <span class='ocrx_word' id='word_1_20' title='bbox 559 654 784 702; x_wconf 84' lang='lat' dir='ltr'>Maecenas,</span> <span class='ocrx_word' id='word_1_21' title='bbox 802 669 955 707; x_wconf 71' lang='lat' dir='ltr'><strong>precor,</strong></span> 
     </span>
    </p>

    <p class='ocr_par' dir='ltr' id='par_1_6' title="bbox 294 715 1033 837">
     <span class='ocr_line' id='line_1_8' title="bbox 294 715 1033 772; baseline 0.008 -18"><span class='ocrx_word' id='word_1_22' title='bbox 294 715 457 756; x_wconf 85' lang='lat' dir='ltr'><strong>Manum</strong></span> <span class='ocrx_word' id='word_1_23' title='bbox 477 719 607 770; x_wconf 86' lang='lat' dir='ltr'><strong>puella</strong></span> <span class='ocrx_word' id='word_1_24' title='bbox 623 720 728 759; x_wconf 86' lang='lat' dir='ltr'><strong>savio</strong></span> <span class='ocrx_word' id='word_1_25' title='bbox 741 729 911 772; x_wconf 87' lang='lat' dir='ltr'><strong>opponat</strong></span> <span class='ocrx_word' id='word_1_26' title='bbox 929 729 1012 770; x_wconf 87' lang='lat' dir='ltr'><strong>tuo,</strong></span> <span class='ocrx_word' id='word_1_27' title='bbox 1030 758 1033 761; x_wconf 82' lang='grc'>,</span> 
     </span>
     <span class='ocr_line' id='line_1_9' title="bbox 397 782 1018 837; baseline 0.006 -16"><span class='ocrx_word' id='word_1_28' title='bbox 397 782 587 823; x_wconf 86' lang='lat' dir='ltr'><strong>Extrema</strong></span> <span class='ocrx_word' id='word_1_29' title='bbox 604 791 645 823; x_wconf 89' lang='lat' dir='ltr'><strong>et</strong></span> <span class='ocrx_word' id='word_1_30' title='bbox 662 785 702 823; x_wconf 88' lang='lat' dir='ltr'><strong>in</strong></span> <span class='ocrx_word' id='word_1_31' title='bbox 719 786 868 837; x_wconf 85' lang='lat' dir='ltr'><strong>sponda</strong></span> <span class='ocrx_word' id='word_1_32' title='bbox 885 787 1018 825; x_wconf 79' lang='lat' dir='ltr'><strong>cubet.</strong></span> 
     </span>
    </p>
   </div>
   <div class='ocr_carea' id='block_1_4' title="bbox 598 1078 836 1121">
    <p class='ocr_par' dir='ltr' id='par_1_7' title="bbox 598 1078 836 1121">
     <span class='ocr_line' id='line_1_10' title="bbox 598 1078 836 1121; baseline 0.013 -3"><span class='ocrx_word' id='word_1_33' title='bbox 598 1078 712 1118; x_wconf 92' lang='lat' dir='ltr'><strong>ODE</strong></span> <span class='ocrx_word' id='word_1_34' title='bbox 765 1081 836 1121; x_wconf 90' lang='lat' dir='ltr'><strong>IV.</strong></span> 
     </span>
    </p>
   </div>
   <div class='ocr_carea' id='block_1_5' title="bbox 284 1235 1102 2255">
    <p class='ocr_par' dir='ltr' id='par_1_8' title="bbox 291 1235 1102 1356">
     <span class='ocr_line' id='line_1_11' title="bbox 291 1235 1102 1296; baseline 0.012 -23"><span class='ocrx_word' id='word_1_35' title='bbox 291 1235 423 1275; x_wconf 78' lang='lat' dir='ltr'>Lums</span> <span class='ocrx_word' id='word_1_36' title='bbox 443 1245 483 1276; x_wconf 88' lang='lat' dir='ltr'><strong>et</strong></span> <span class='ocrx_word' id='word_1_37' title='bbox 502 1238 612 1292; x_wconf 57' lang='lat' dir='ltr'><strong>agnis</strong></span> <span class='ocrx_word' id='word_1_38' title='bbox 631 1248 776 1291; x_wconf 84' lang='lat' dir='ltr'><strong>quanta</strong></span> <span class='ocrx_word' id='word_1_39' title='bbox 793 1242 930 1282; x_wconf 84' lang='lat' dir='ltr'><strong>sortito</strong></span> <span class='ocrx_word' id='word_1_40' title='bbox 948 1243 1102 1296; x_wconf 61' lang='lat' dir='ltr'><strong>obtigit,</strong></span> 
     </span>
     <span class='ocr_line' id='line_1_12' title="bbox 394 1302 959 1356; baseline 0.012 -16"><span class='ocrx_word' id='word_1_41' title='bbox 394 1302 542 1341; x_wconf 89' lang='lat' dir='ltr'><strong>Tecum</strong></span> <span class='ocrx_word' id='word_1_42' title='bbox 562 1304 656 1342; x_wconf 89' lang='lat' dir='ltr'><strong>mihi</strong></span> <span class='ocrx_word' id='word_1_43' title='bbox 674 1306 867 1346; x_wconf 86' lang='lat' dir='ltr'><strong>discordia</strong></span> <span class='ocrx_word' id='word_1_44' title='bbox 884 1315 959 1356; x_wconf 86' lang='lat' dir='ltr'><strong>est,</strong></span> 
     </span>
    </p>

    <p class='ocr_par' dir='ltr' id='par_1_9' title="bbox 289 1367 940 1486">
     <span class='ocr_line' id='line_1_13' title="bbox 289 1367 940 1419; baseline 0.011 -15"><span class='ocrx_word' id='word_1_45' title='bbox 289 1367 451 1406; x_wconf 87' lang='lat' dir='ltr'><strong>Ibericis</strong></span> <span class='ocrx_word' id='word_1_46' title='bbox 470 1376 628 1419; x_wconf 87' lang='lat' dir='ltr'><strong>peruste</strong></span> <span class='ocrx_word' id='word_1_47' title='bbox 647 1369 805 1409; x_wconf 85' lang='lat' dir='ltr'><strong>funibus</strong></span> <span class='ocrx_word' id='word_1_48' title='bbox 823 1371 940 1419; x_wconf 82' lang='lat' dir='ltr'><strong>latus,</strong></span> 
     </span>
     <span class='ocr_line' id='line_1_14' title="bbox 389 1431 912 1486; baseline 0.011 -18"><span class='ocrx_word' id='word_1_49' title='bbox 389 1431 441 1469; x_wconf 89' lang='lat' dir='ltr'><strong>Et</strong></span> <span class='ocrx_word' id='word_1_50' title='bbox 461 1444 575 1470; x_wconf 87' lang='lat' dir='ltr'><strong>crura</strong></span> <span class='ocrx_word' id='word_1_51' title='bbox 593 1433 690 1471; x_wconf 87' lang='lat' dir='ltr'><strong>dura</strong></span> <span class='ocrx_word' id='word_1_52' title='bbox 709 1437 912 1486; x_wconf 88' lang='lat' dir='ltr'><strong>compede.</strong></span> 
     </span>
    </p>

    <p class='ocr_par' dir='ltr' id='par_1_10' title="bbox 286 1496 1004 1615">
     <span class='ocr_line' id='line_1_15' title="bbox 286 1496 1004 1554; baseline 0.008 -21"><span class='ocrx_word' id='word_1_53' title='bbox 286 1496 401 1534; x_wconf 87' lang='lat' dir='ltr'><strong>Licet</strong></span> <span class='ocrx_word' id='word_1_54' title='bbox 421 1497 612 1547; x_wconf 84' lang='lat' dir='ltr'><strong>superbus</strong></span> <span class='ocrx_word' id='word_1_55' title='bbox 631 1498 814 1554; x_wconf 37' lang='lat' dir='ltr'><strong>ambules.</strong></span> <span class='ocrx_word' id='word_1_56' title='bbox 823 1500 1004 1550; x_wconf 82' lang='lat' dir='ltr'><strong>pecunia,</strong></span> 
     </span>
     <span class='ocr_line' id='line_1_16' title="bbox 390 1560 955 1615; baseline 0.011 -17"><span class='ocrx_word' id='word_1_57' title='bbox 390 1560 561 1599; x_wconf 82' lang='lat' dir='ltr'><strong>Fortuna</strong></span> <span class='ocrx_word' id='word_1_58' title='bbox 578 1574 657 1599; x_wconf 90' lang='lat' dir='ltr'><strong>non</strong></span> <span class='ocrx_word' id='word_1_59' title='bbox 675 1570 801 1601; x_wconf 83' lang='lat' dir='ltr'><strong>mutat</strong></span> <span class='ocrx_word' id='word_1_60' title='bbox 819 1577 955 1615; x_wconf 86' lang='lat' dir='ltr'><strong>genus.</strong></span> 
     </span>
    </p>

    <p class='ocr_par' dir='ltr' id='par_1_11' title="bbox 285 1622 1047 1745">
     <span class='ocr_line' id='line_1_17' title="bbox 285 1622 1047 1671; baseline 0.008 -9"><span class='ocrx_word' id='word_1_61' title='bbox 285 1622 472 1671; x_wconf 83' lang='lat' dir='ltr'><strong>Videsue,</strong></span> <span class='ocrx_word' id='word_1_62' title='bbox 502 1624 660 1664; x_wconf 84' lang='lat' dir='ltr'><strong>Sacram</strong></span> <span class='ocrx_word' id='word_1_63' title='bbox 679 1627 868 1666; x_wconf 83' lang='lat' dir='ltr'><strong>metiente</strong></span> <span class='ocrx_word' id='word_1_64' title='bbox 886 1635 927 1667; x_wconf 86' lang='lat' dir='ltr'><strong>te</strong></span> <span class='ocrx_word' id='word_1_65' title='bbox 945 1629 1047 1669; x_wconf 82' lang='lat' dir='ltr'><strong>viam</strong></span> 
     </span>
     <span class='ocr_line' id='line_1_18' title="bbox 389 1689 967 1745; baseline 0.01 -19"><span class='ocrx_word' id='word_1_66' title='bbox 389 1689 488 1727; x_wconf 91' lang='lat' dir='ltr'><strong>Cum</strong></span> <span class='ocrx_word' id='word_1_67' title='bbox 507 1690 566 1727; x_wconf 86' lang='lat' dir='ltr'><strong>bis</strong></span> <span class='ocrx_word' id='word_1_68' title='bbox 584 1697 645 1729; x_wconf 88' lang='lat' dir='ltr'><strong>ter</strong></span> <span class='ocrx_word' id='word_1_69' title='bbox 663 1691 841 1730; x_wconf 85' lang='lat' dir='ltr'><strong>ulnarum</strong></span> <span class='ocrx_word' id='word_1_70' title='bbox 859 1700 967 1745; x_wconf 85' lang='lat' dir='ltr'><strong>toga,</strong></span> 
     </span>
    </p>

    <p class='ocr_par' dir='ltr' id='par_1_12' title="bbox 286 1753 1018 1871">
     <span class='ocr_line' id='line_1_19' title="bbox 286 1753 1018 1797; baseline 0.007 -5"><span class='ocrx_word' id='word_1_71' title='bbox 286 1753 343 1792; x_wconf 86' lang='lat' dir='ltr'><strong>Ut</strong></span> <span class='ocrx_word' id='word_1_72' title='bbox 362 1767 429 1791; x_wconf 88' lang='lat' dir='ltr'><strong>ora</strong></span> <span class='ocrx_word' id='word_1_73' title='bbox 446 1761 572 1792; x_wconf 84' lang='lat' dir='ltr'><strong>vertat</strong></span> <span class='ocrx_word' id='word_1_74' title='bbox 590 1755 668 1794; x_wconf 86' lang='lat' dir='ltr'><strong>huc</strong></span> <span class='ocrx_word' id='word_1_75' title='bbox 687 1763 728 1794; x_wconf 87' lang='lat' dir='ltr'><strong>et</strong></span> <span class='ocrx_word' id='word_1_76' title='bbox 745 1757 823 1795; x_wconf 92' lang='lat' dir='ltr'><strong>huc</strong></span> <span class='ocrx_word' id='word_1_77' title='bbox 841 1758 1018 1797; x_wconf 87' lang='lat' dir='ltr'><strong>euntium</strong></span> 
     </span>
     <span class='ocr_line' id='line_1_20' title="bbox 388 1817 867 1871; baseline 0.01 -16"><span class='ocrx_word' id='word_1_78' title='bbox 388 1817 606 1857; x_wconf 86' lang='lat' dir='ltr'><strong>Liberrima</strong></span> <span class='ocrx_word' id='word_1_79' title='bbox 623 1819 867 1871; x_wconf 79' lang='lat' dir='ltr'><strong>indignatio?</strong></span> 
     </span>
    </p>

    <p class='ocr_par' dir='ltr' id='par_1_13' title="bbox 288 1882 1030 1997">
     <span class='ocr_line' id='line_1_21' title="bbox 288 1882 1030 1934; baseline 0.007 -14"><span class='ocrx_word' id='word_1_80' title='bbox 288 1882 428 1920; x_wconf 85' lang='lat' dir='ltr'><strong>Sectus</strong></span> <span class='ocrx_word' id='word_1_81' title='bbox 446 1882 609 1934; x_wconf 86' lang='lat' dir='ltr'><strong>flagellis</strong></span> <span class='ocrx_word' id='word_1_82' title='bbox 628 1883 693 1922; x_wconf 91' lang='lat' dir='ltr'><strong>hic</strong></span> <span class='ocrx_word' id='word_1_83' title='bbox 713 1883 1030 1925; x_wconf 73' lang='lat' dir='ltr'><strong>Triumviralibus</strong></span> 
     </span>
     <span class='ocr_line' id='line_1_22' title="bbox 390 1945 898 1997; baseline 0.008 -14"><span class='ocrx_word' id='word_1_84' title='bbox 390 1945 600 1986; x_wconf 87' lang='lat' dir='ltr'><strong>Praeconis</strong></span> <span class='ocrx_word' id='word_1_85' title='bbox 618 1949 669 1987; x_wconf 87' lang='lat' dir='ltr'><strong>ad</strong></span> <span class='ocrx_word' id='word_1_86' title='bbox 685 1949 898 1997; x_wconf 88' lang='lat' dir='ltr'><strong>fastidium,</strong></span> 
     </span>
    </p>

    <p class='ocr_par' dir='ltr' id='par_1_14' title="bbox 286 2011 980 2127">
     <span class='ocr_line' id='line_1_23' title="bbox 286 2011 980 2065; baseline 0.006 -17"><span class='ocrx_word' id='word_1_87' title='bbox 286 2011 386 2049; x_wconf 83' lang='lat' dir='ltr'><strong>Arat</strong></span> <span class='ocrx_word' id='word_1_88' title='bbox 406 2011 559 2049; x_wconf 86' lang='lat' dir='ltr'><strong>Falerni</strong></span> <span class='ocrx_word' id='word_1_89' title='bbox 578 2013 683 2051; x_wconf 91' lang='lat' dir='ltr'><strong>mille</strong></span> <span class='ocrx_word' id='word_1_90' title='bbox 701 2013 813 2051; x_wconf 88' lang='lat' dir='ltr'><strong>fundi</strong></span> <span class='ocrx_word' id='word_1_91' title='bbox 825 2015 980 2065; x_wconf 83' lang='lat' dir='ltr'><strong>jugera,</strong></span> 
     </span>
     <span class='ocr_line' id='line_1_24' title="bbox 387 2075 934 2127; baseline 0.007 -15"><span class='ocrx_word' id='word_1_92' title='bbox 387 2075 439 2112; x_wconf 89' lang='lat' dir='ltr'><strong>Et</strong></span> <span class='ocrx_word' id='word_1_93' title='bbox 460 2076 629 2127; x_wconf 89' lang='lat' dir='ltr'><strong>Appiam</strong></span> <span class='ocrx_word' id='word_1_94' title='bbox 648 2078 798 2115; x_wconf 88' lang='lat' dir='ltr'><strong>mannis</strong></span> <span class='ocrx_word' id='word_1_95' title='bbox 817 2078 934 2122; x_wconf 82' lang='lat' dir='ltr'><strong>terit;</strong></span> 
     </span>
    </p>

    <p class='ocr_par' dir='ltr' id='par_1_15' title="bbox 284 2139 1099 2255">
     <span class='ocr_line' id='line_1_25' title="bbox 284 2139 1099 2196; baseline 0.007 -19"><span class='ocrx_word' id='word_1_96' title='bbox 284 2139 554 2191; x_wconf 82' lang='lat' dir='ltr'><strong>Sedilibusque</strong></span> <span class='ocrx_word' id='word_1_97' title='bbox 573 2154 736 2192; x_wconf 84' lang='lat' dir='ltr'><strong>magnus</strong></span> <span class='ocrx_word' id='word_1_98' title='bbox 755 2141 795 2180; x_wconf 90' lang='lat' dir='ltr'><strong>in</strong></span> <span class='ocrx_word' id='word_1_99' title='bbox 812 2141 945 2192; x_wconf 77' lang='lat' dir='ltr'><strong>prImis</strong></span> <span class='ocrx_word' id='word_1_100' title='bbox 965 2153 1099 2196; x_wconf 70' lang='lat' dir='ltr'><strong>eques,</strong></span> 
     </span>
     <span class='ocr_line' id='line_1_26' title="bbox 386 2204 929 2255; baseline 0.009 -13"><span class='ocrx_word' id='word_1_101' title='bbox 386 2204 545 2244; x_wconf 86' lang='lat' dir='ltr'><strong>Othone</strong></span> <span class='ocrx_word' id='word_1_102' title='bbox 564 2212 778 2255; x_wconf 86' lang='lat' dir='ltr'><strong>contemto,</strong></span> <span class='ocrx_word' id='word_1_103' title='bbox 807 2207 929 2247; x_wconf 86' lang='lat' dir='ltr'><strong>sedet.</strong></span> 
     </span>
    </p>
   </div>
  </div>
 </body>
</html>
