1370 2574
169 278 249 318 158

519 275 748 316 EPODON
797 289 834 315 v.

372 386 597 426 Fastidienti
615 388 800 439 poculum
811 401 824 425 z

264 451 457 503 Priusque
477 452 627 490 coelum
646 452 746 491 sidet
763 451 923 491 inferius
940 453 1051 500 mari,

370 516 527 555 Tellure
545 524 725 570 porrecta
742 530 871 570 super,

267 583 394 625 Quam
412 596 491 621 non
509 595 638 621 amore
657 582 713 621 sic
727 595 814 621 meo
832 583 987 633 flagres,
1006 581 1063 621 uti

367 647 549 686 Bitumen
567 648 659 686 atris
676 647 842 698 ignibus.
877 652 923 692 ‘k‘

266 712 347 750 Sub
366 712 463 750 haec
490 725 588 764 puer
601 714 680 763 jam
700 726 792 759 non,
812 719 855 750 ut
872 718 976 759 ante,
995 710 1174 750 mollibus

367 777 510 815 Lenire
529 777 655 815 verbis
673 777 830 828 impias3

266 842 358 888 Sed,
377 842 516 880 dubius
534 842 638 879 unde
655 848 853 893 rumperet
869 841 1078 888 silentium,

367 906 479 944 Misit
497 906 711 958 Thyesteas
728 919 888 958 preces:

193 990 216 1003 υ
264 971 428 1010 Venena
445 984 628 1023 magnum
645 972 702 1010 fas
721 971 931 1024 nefasque3
958 985 1036 1011 non
1052 972 1184 1011 valent

369 1037 607 1076 Convertere
625 1037 832 1075 humanam
850 1037 988 1076 vicem.
1012 1052 1062 1095 †‘

263 1102 371 1141 Diris
389 1115 500 1153 agam
518 1114 586 1140 vos
601 1115 611 1139 ε
639 1102 722 1139 dira
740 1102 947 1141 detestatio

367 1166 485 1204 Nulla
503 1166 683 1217 expiatur
698 1166 866 1205 victima.
956 1217 960 1221 ι

264 1231 382 1277 Quin,
402 1231 468 1269 ubi
486 1231 613 1282 perire
627 1234 756 1282 jussus
775 1231 1037 1282 exspiravere,

366 1295 591 1333 Nocturnus
609 1307 810 1334 occurram
829 1294 964 1343 Furor,

263 1359 477 1411 Petamque
496 1360 623 1397 vultus
643 1360 779 1398 umbra
796 1360 923 1398 curvis
946 1360 1162 1411 unguibus:

367 1425 478 1466 Quae
496 1424 553 1461 vis
572 1423 732 1461 deorum
752 1432 812 1462 est
829 1424 1028 1468 Manium;

263 1488 330 1535 Et,
350 1488 530 1539 inquietis
548 1487 719 1526 assidens
733 1488 982 1539 praecordiis,

369 1552 517 1590 Pavore
536 1564 689 1590 somnos
707 1551 890 1590 auferam.

261 1617 342 1656 Vos
360 1618 475 1654 turba
491 1616 662 1664 vicatim,
675 1616 767 1654 hinc
782 1624 822 1655 et
834 1617 927 1655 hinc
940 1618 1042 1657 saxis
1060 1625 1212 1671 petens,

367 1681 606 1728 Contundet,
635 1682 820 1720 obscenas
839 1694 934 1721 anus
948 1697 960 1720 ε

263 1747 370 1793 Post,
389 1746 581 1797 insepulta
598 1747 772 1784 membra
789 1746 967 1786 different
983 1747 1079 1799 lupi,

367 1810 420 1848 Et
440 1810 663 1862 Esquilinae
681 1811 816 1849 alites:

264 1876 404 1928 Neque
422 1875 497 1913 hoc
515 1883 709 1926 parentes,
727 1864 806 1914 heu
823 1876 918 1915 mihi
935 1876 1186 1929 superstites!

327 1942 329 1944 ’
368 1940 560 1992 Effugerit
576 1941 855 1992 spectaculum.

553 2104 803 2112 ——--
