1370 2574
369 303 682 350 CARMINUM
731 303 804 341 lv.

191 420 298 460 Olim
311 421 504 471 juventas,
515 424 556 455 et
566 414 713 467 patrius
724 413 834 465 vigor

193 485 298 523 Nido
314 484 489 522 laborum
506 479 676 533 propulit
694 477 871 523 inscium,

243 547 456 598 Venfiqne,
471 547 552 597 jam
570 543 708 582 nimbis
726 540 897 586 remotis,

296 611 477 650 Insolitos
493 610 663 648 docuere
681 607 785 645 nisus

195 740 314 780 Venti
330 747 560 792 paventem;
586 751 677 776 mox
696 737 736 774 in
754 734 870 774 ovilia

195 805 367 845 Demisit
383 804 534 842 hostem
551 802 700 838 vividus
717 801 909 851 impetus;

247 869 366 908 Nunc
378 868 419 905 in
437 867 674 905 reluctantes
690 864 879 902 dracones

301 933 396 984 Egit
412 944 519 970 amor
536 930 644 982 dapis
661 936 778 981 atque
796 939 949 980 pugnae
964 939 975 962 ε

202 1063 413 1108 Qualemve
428 1061 541 1100 laetis
559 1072 698 1111 caprea
713 1058 866 1111 pascuis

201 1128 371 1173 Intenta,
388 1125 514 1164 fulvae
531 1124 663 1162 matris
681 1124 728 1161 ab
747 1123 867 1160 ubere

252 1191 343 1229 Jam
360 1189 459 1228 lacte
478 1188 679 1240 depulsum
695 1188 863 1232 leonem,

307 1254 438 1293 Dente
456 1266 555 1291 novo
573 1252 756 1304 peritura,
774 1250 891 1288 vidit:

206 1371 351 1410 Videre
370 1370 531 1411 Rhaetis
547 1369 650 1408 bella
666 1369 736 1406 sub
756 1367 919 1419 Alpibus

205 1437 376 1476 Drusum
393 1443 594 1487 gerentem
611 1432 825 1476 Vindelici;
842 1432 979 1483 quibus

254 1502 347 1542 Mos
365 1501 468 1539 unde
486 1499 676 1538 deductus
693 1511 763 1550 per
780 1510 895 1535 omne

309 1566 478 1617 Tempus
497 1563 712 1602 Amazonia
727 1562 853 1600 securi

210 1698 382 1736 Dextras
398 1695 584 1740 obarmet,
611 1705 794 1745 quaerere
811 1690 960 1728 distuli:

209 1762 297 1800 Nec
314 1760 412 1799 scire
429 1759 487 1798 fas
505 1766 563 1797 oet
579 1757 719 1796 omnia.
748 1755 827 1794 Sed
844 1754 911 1793 diu

260 1825 437 1875 Lateque
454 1822 630 1861 victrices
649 1829 839 1867 catervae,

314 1886 492 1927 Consiliis
505 1886 657 1938 juvenis
675 1885 856 1930 revictae,

219 2019 395 2066 Sensere,
413 2018 505 2070 quid
517 2029 626 2056 mens
644 2015 730 2062 rite,
748 2014 840 2067 quid
857 2013 1003 2052 indoles

219 2083 374 2121 Nutrita
388 2082 523 2121 faustis
540 2082 610 2120 sub
628 2079 887 2132 penetralibus

268 2147 417 2193 Posset,
435 2146 528 2198 quid
546 2145 713 2197 Augusti
730 2152 909 2196 paternus

321 2206 370 2250 In
386 2223 526 2262 pueros
543 2210 691 2250 animus
709 2208 896 2247 Nerones.

1065 296 1139 338 127
