1370 2574
147 269 198 307 16
477 267 791 311 CARMINUM
841 272 875 313 Ι.

243 377 405 418 Praeliis
421 379 564 428 audax,
591 394 718 433 neque
737 389 778 421 te
795 383 933 432 silebo,

243 443 376 491 Liber,
404 452 445 483 et
462 445 585 484 saevis
602 446 758 486 inimica
776 447 899 501 Virgo

242 509 410 556 Belluis;
437 524 511 549 nec
530 517 584 557 te,
611 512 821 552 metuende
839 520 949 553 certa

449 575 608 615 Phoebe
626 576 780 628 sagitta.

238 703 379 743 Dicam
398 711 439 743 et
458 704 641 753 Alciden,
667 718 887 759 puerosque
905 707 1054 756 Ledae,

238 767 358 808 Hunc
377 770 499 822 equis,
527 770 634 808 illum
652 784 835 822 superare
853 772 993 825 pugnis

237 833 444 873 Nobilem:
473 848 636 886 quorum
655 836 770 874 simul
787 837 876 876 alba
892 838 1020 877 nautis

442 899 563 938 Stella
580 899 744 947 refulsit,

233 1028 384 1067 Defluit
401 1029 504 1067 saxis
522 1029 690 1081 agitatus
706 1029 871 1075 humor;

232 1093 455 1132 Concidunt
472 1095 593 1142 venti,
618 1095 852 1148 fugiuntque
870 1094 1016 1142 nubes;

230 1157 282 1197 Et
299 1159 445 1206 minax,
474 1172 562 1198 nam
580 1160 635 1198 sic
653 1160 826 1208 voluere,
853 1168 974 1213 ponto

437 1224 554 1263 Unda
572 1225 777 1263 recumbit.

192 1401 194 1403 ‚
226 1351 436 1391 Romulum
455 1361 542 1405 post
560 1353 631 1392 hos
649 1354 769 1406 prius,
796 1366 847 1393 an
865 1354 1041 1406 quietum

226 1415 393 1468 Pompili
411 1430 574 1469 regnum
592 1431 818 1465 memorem,
846 1431 896 1457 an
914 1419 1102 1470 superbos

225 1479 412 1532 Tarquini
428 1481 566 1529 fasces,
595 1483 745 1531 dubito,
772 1495 822 1521 an
841 1482 1002 1522 Catonis

431 1546 574 1586 Nobile
592 1547 726 1587 letum.

221 1676 432 1728 Regulum,
460 1685 500 1716 et
515 1677 701 1725 Scauros,
729 1677 958 1730 animaeque
974 1679 1140 1731 magnae

220 1739 431 1792 Prodigum
451 1741 643 1790 Paullum,
671 1749 879 1795 superante
898 1740 1048 1792 Poeno,

221 1804 365 1844 Gratus
382 1806 522 1858 insigni
541 1804 705 1845 referam
725 1820 901 1856 camena,

425 1872 735 1924 Fabriciumque.

217 1999 351 2048 Hunc,
380 2009 420 2039 et
438 2002 617 2040 incomtis
637 2002 798 2042 Curium
817 2002 979 2055 capillss,

217 2064 363 2104 Utilem
381 2066 484 2104 bello
502 2067 604 2113 tulit,
632 2075 673 2105 et
693 2067 913 2115 Camillum,

219 2129 339 2171 Saeva
356 2134 574 2183 paupertas,
603 2139 643 2169 et
660 2131 784 2170 avitus
802 2138 895 2185 apto

420 2196 520 2235 Cum
538 2196 617 2236 lare
634 2195 793 2237 fundus.
815 2232 819 2233 ⁷
