1370 2574
390 275 701 325 CARMINUM
754 274 828 313 111.
1091 273 1142 310 98

194 397 390 447 Ingratam
407 389 550 428 Veneri
567 400 668 439 pone
688 383 918 437 superbiam,

196 460 274 506 Ne,
292 462 471 497 currente
489 460 588 499 rota,
606 451 706 490 funis
724 458 787 488 eat
804 456 920 487 retro.

196 524 288 564 Non
306 530 346 560 te
365 519 589 570 Penelopen
607 515 797 555 difficilem
816 511 942 565 procis

299 585 522 639 Tyrrhenus
540 581 676 634 genuit
691 591 843 632 parens·
894 591 897 593 ·

201 718 254 765 Ο,
272 715 441 770 quamvis
459 725 586 765 neque
605 719 644 751 te
662 721 836 755 munera,
855 719 928 745 nec
946 717 1094 759 preces,

201 783 288 822 Nec
306 781 450 820 tinctus
467 778 569 816 viola
585 775 707 829 pallor
724 773 947 819 amantium,

202 847 288 887 Nec
305 846 363 884 vir
381 843 508 885 Pieria
523 842 663 894 pellice
681 839 834 878 saucius

305 910 472 953 Curvat3
498 905 732 958 supplicibus
751 902 827 941 tuis

205 1039 360 1085 Parcas,
378 1051 452 1077 nec
468 1036 593 1087 rigida
609 1033 759 1072 mollior
776 1030 946 1076 aesculo,

208 1103 296 1142 Nec
314 1100 464 1140 Mauris
481 1100 651 1138 animum
669 1097 798 1134 mitior
815 1094 1026 1145 anguibus!

207 1168 299 1207 Non
316 1167 392 1204 hoc
409 1177 560 1216 semper
577 1163 652 1202 erit
667 1161 821 1207 liminis,
839 1167 906 1199 aut
922 1170 1043 1210 aquae

310 1229 512 1277 coelestis,
530 1227 679 1281 patiens
695 1226 807 1265 latus.

519 1444 634 1484 ODE
686 1443 757 1481 XI.

456 1587 516 1613 An
543 1583 816 1612 MERCURIUM.

218 1683 440 1727 Mnncmu,
458 1692 560 1725 nam,
579 1686 618 1716 te
637 1677 771 1715 docilis
788 1674 985 1725 magistro,

218 1749 346 1788 Movit
364 1745 562 1798 Amphion
579 1742 724 1794 lapides
742 1740 942 1784 canendo;

221 1813 358 1864 Tuque
377 1808 564 1854 Testudo,
583 1818 761 1846 resonare
780 1811 928 1856 septem

425 1873 573 1927 Callida
590 1871 729 1917 nervis,

225 2007 311 2045 Nec
328 2006 471 2057 loquax
490 2003 581 2041 olim
598 2014 726 2052 neque
743 2007 866 2051 grata,
885 2010 990 2037 nunc
1005 2005 1048 2045 ‚et

226 2071 400 2109 Divitum
418 2067 558 2107 mensis
576 2073 617 2105 et
634 2065 758 2103 amica
774 2062 926 2115 templis
941 2078 951 2106 ;

229 2134 307 2173 Dic
324 2134 471 2179 modos,
489 2132 600 2184 Lyde
620 2130 758 2182 quibus
776 2127 985 2167 obstinatas

431 2195 614 2247 Applicet
631 2205 763 2233 aures:
