<?xml version="1.0" encoding="UTF-8"?>
<!DOCTYPE html PUBLIC "-//W3C//DTD XHTML 1.0 Transitional//EN"
    "http://www.w3.org/TR/xhtml1/DTD/xhtml1-transitional.dtd">
<html xmlns="http://www.w3.org/1999/xhtml" xml:lang="en" lang="en">
 <head>
  <title>
</title>
<meta http-equiv="Content-Type" content="text/html;charset=utf-8" />
  <meta name='ocr-system' content='tesseract 3.04.00' />
  <meta name='ocr-capabilities' content='ocr_page ocr_carea ocr_par ocr_line ocrx_word'/>
</head>
<body>
  <div class='ocr_page' id='page_1' title='image "./operahunt01horauoft_0030.png"; bbox 0 0 1430 2644; ppageno 0'>
   <div class='ocr_carea' id='block_1_1' title="bbox 202 287 992 332">
    <p class='ocr_par' dir='ltr' id='par_1_1' title="bbox 202 287 992 332">
     <span class='ocr_line' id='line_1_1' title="bbox 202 287 992 332; baseline 0.004 -3"><span class='ocrx_word' id='word_1_1' title='bbox 202 289 287 329; x_wconf 84' lang='lat' dir='ltr'><strong>xxii</strong></span> <span class='ocrx_word' id='word_1_2' title='bbox 493 287 672 328; x_wconf 90' lang='lat' dir='ltr'>INDEX</span> <span class='ocrx_word' id='word_1_3' title='bbox 716 290 992 332; x_wconf 91' lang='lat' dir='ltr'><strong>CODICUM.</strong></span> 
     </span>
    </p>
   </div>
   <div class='ocr_carea' id='block_1_2' title="bbox 210 406 1270 1367">
    <p class='ocr_par' dir='ltr' id='par_1_2' title="bbox 210 406 1263 523">
     <span class='ocr_line' id='line_1_2' title="bbox 210 406 1263 460; baseline 0.008 -16"><span class='ocrx_word' id='word_1_4' title='bbox 210 414 288 453; x_wconf 85' lang='lat' dir='ltr'><strong>tur,</strong></span> <span class='ocrx_word' id='word_1_5' title='bbox 319 419 394 446; x_wconf 87' lang='lat' dir='ltr'><strong>nec</strong></span> <span class='ocrx_word' id='word_1_6' title='bbox 411 407 588 459; x_wconf 86' lang='lat' dir='ltr'><strong>profecto</strong></span> <span class='ocrx_word' id='word_1_7' title='bbox 618 407 667 444; x_wconf 86' lang='lat' dir='ltr'><strong>ab</strong></span> <span class='ocrx_word' id='word_1_8' title='bbox 695 406 822 445; x_wconf 84' lang='lat' dir='ltr'><strong>scriba</strong></span> <span class='ocrx_word' id='word_1_9' title='bbox 850 408 1007 460; x_wconf 89' lang='lat' dir='ltr'><strong>stupido</strong></span> <span class='ocrx_word' id='word_1_10' title='bbox 1036 417 1077 449; x_wconf 85' lang='lat' dir='ltr'><strong>et</strong></span> <span class='ocrx_word' id='word_1_11' title='bbox 1104 411 1263 452; x_wconf 85' lang='lat' dir='ltr'><strong>indocto</strong></span> 
     </span>
     <span class='ocr_line' id='line_1_3' title="bbox 212 471 572 523; baseline 0.003 -16"><span class='ocrx_word' id='word_1_12' title='bbox 212 471 344 510; x_wconf 89' lang='lat' dir='ltr'><strong>venire</strong></span> <span class='ocrx_word' id='word_1_13' title='bbox 363 472 572 523; x_wconf 84' lang='lat' dir='ltr'><strong>potuerint.</strong></span> 
     </span>
    </p>

    <p class='ocr_par' dir='ltr' id='par_1_3' title="bbox 265 535 1047 581">
     <span class='ocr_line' id='line_1_4' title="bbox 265 535 1047 581; baseline 0.005 -8"><span class='ocrx_word' id='word_1_14' title='bbox 265 535 416 575; x_wconf 85' lang='lat' dir='ltr'><strong>Eadem</strong></span> <span class='ocrx_word' id='word_1_15' title='bbox 433 535 515 574; x_wconf 86' lang='lat' dir='ltr'><strong>fere</strong></span> <span class='ocrx_word' id='word_1_16' title='bbox 534 536 586 574; x_wconf 89' lang='lat' dir='ltr'><strong>de</strong></span> <span class='ocrx_word' id='word_1_17' title='bbox 604 547 776 581; x_wconf 66' lang='grc' dir='ltr'><strong>ΛιΤΕΒο</strong></span> <span class='ocrx_word' id='word_1_18' title='bbox 793 536 925 576; x_wconf 83' lang='lat' dir='ltr'>dicere</span> <span class='ocrx_word' id='word_1_19' title='bbox 941 538 1047 577; x_wconf 86' lang='lat' dir='ltr'><strong>licet.</strong></span> 
     </span>
    </p>

    <p class='ocr_par' dir='ltr' id='par_1_4' title="bbox 210 601 1267 1108">
     <span class='ocr_line' id='line_1_5' title="bbox 264 601 1264 648; baseline 0.007 -10"><span class='ocrx_word' id='word_1_20' title='bbox 264 601 357 639; x_wconf 85' lang='lat' dir='ltr'><strong>Cod.</strong></span> <span class='ocrx_word' id='word_1_21' title='bbox 384 611 778 648; x_wconf 70' lang='lat' dir='ltr'><strong>FRANEQUERANUS,</strong></span> <span class='ocrx_word' id='word_1_22' title='bbox 796 601 836 639; x_wconf 90' lang='lat' dir='ltr'><strong>in</strong></span> <span class='ocrx_word' id='word_1_23' title='bbox 852 602 1091 643; x_wconf 82' lang='lat' dir='ltr'><strong>bibliotheca</strong></span> <span class='ocrx_word' id='word_1_24' title='bbox 1109 605 1264 646; x_wconf 82' lang='lat' dir='ltr'><strong>Acade-</strong></span> 
     </span>
     <span class='ocr_line' id='line_1_6' title="bbox 210 664 1265 722; baseline 0.006 -20"><span class='ocrx_word' id='word_1_25' title='bbox 210 664 326 711; x_wconf 86' lang='lat' dir='ltr'><strong>mica,</strong></span> <span class='ocrx_word' id='word_1_26' title='bbox 353 665 611 711; x_wconf 83' lang='lat' dir='ltr'><strong>venerandae,</strong></span> <span class='ocrx_word' id='word_1_27' title='bbox 630 672 674 703; x_wconf 84' lang='lat' dir='ltr'><strong>ut</strong></span> <span class='ocrx_word' id='word_1_28' title='bbox 691 665 859 713; x_wconf 86' lang='lat' dir='ltr'><strong>videtur,</strong></span> <span class='ocrx_word' id='word_1_29' title='bbox 877 667 1130 719; x_wconf 78' lang='lat' dir='ltr'><strong>antiquitatiS,</strong></span> <span class='ocrx_word' id='word_1_30' title='bbox 1157 683 1265 722; x_wconf 76' lang='lat' dir='ltr'><strong>mag-</strong></span> 
     </span>
     <span class='ocr_line' id='line_1_7' title="bbox 212 728 1267 781; baseline 0.007 -14"><span class='ocrx_word' id='word_1_31' title='bbox 212 728 333 780; x_wconf 83' lang='lat' dir='ltr'>nique</span> <span class='ocrx_word' id='word_1_32' title='bbox 362 730 500 781; x_wconf 89' lang='lat' dir='ltr'><strong>pretii;</strong></span> <span class='ocrx_word' id='word_1_33' title='bbox 536 730 653 768; x_wconf 86' lang='lat' dir='ltr'><strong>etiam</strong></span> <span class='ocrx_word' id='word_1_34' title='bbox 684 731 734 769; x_wconf 92' lang='lat' dir='ltr'><strong>ob</strong></span> <span class='ocrx_word' id='word_1_35' title='bbox 765 732 1006 778; x_wconf 64' lang='lat' dir='ltr'><strong>scholiorumx</strong></span> <span class='ocrx_word' id='word_1_36' title='bbox 1031 733 1267 774; x_wconf 85' lang='lat' dir='ltr'><strong>ineditorum</strong></span> 
     </span>
     <span class='ocr_line' id='line_1_8' title="bbox 212 794 1266 846; baseline 0.007 -15"><span class='ocrx_word' id='word_1_37' title='bbox 212 794 379 845; x_wconf 86' lang='lat' dir='ltr'><strong>copiam.</strong></span> <span class='ocrx_word' id='word_1_38' title='bbox 431 794 564 846; x_wconf 90' lang='lat' dir='ltr'><strong>Hujus</strong></span> <span class='ocrx_word' id='word_1_39' title='bbox 595 795 742 834; x_wconf 83' lang='lat' dir='ltr'><strong>codicis</strong></span> <span class='ocrx_word' id='word_1_40' title='bbox 773 804 814 834; x_wconf 90' lang='lat' dir='ltr'><strong>et</strong></span> <span class='ocrx_word' id='word_1_41' title='bbox 845 796 1046 837; x_wconf 85' lang='lat' dir='ltr'><strong>Bentleius</strong></span> <span class='ocrx_word' id='word_1_42' title='bbox 1076 799 1266 838; x_wconf 86' lang='lat' dir='ltr'><strong>lectiones</strong></span> 
     </span>
     <span class='ocr_line' id='line_1_9' title="bbox 210 858 1265 916; baseline 0.007 -20"><span class='ocrx_word' id='word_1_43' title='bbox 210 858 362 905; x_wconf 86' lang='lat' dir='ltr'><strong>habuit,</strong></span> <span class='ocrx_word' id='word_1_44' title='bbox 380 859 450 898; x_wconf 86' lang='lat' dir='ltr'><strong>sed</strong></span> <span class='ocrx_word' id='word_1_45' title='bbox 467 860 715 911; x_wconf 82' lang='lat' dir='ltr'><strong>paucissimas</strong></span> <span class='ocrx_word' id='word_1_46' title='bbox 733 868 774 899; x_wconf 91' lang='lat' dir='ltr'><strong>et</strong></span> <span class='ocrx_word' id='word_1_47' title='bbox 784 861 1030 913; x_wconf 80' lang='lat' dir='ltr'><strong>negligenter</strong></span> <span class='ocrx_word' id='word_1_48' title='bbox 1046 872 1265 916; x_wconf 81' lang='lat' dir='ltr'><strong>excerptas.</strong></span> 
     </span>
     <span class='ocr_line' id='line_1_10' title="bbox 210 921 1264 976; baseline 0.007 -16"><span class='ocrx_word' id='word_1_49' title='bbox 210 921 353 961; x_wconf 85' lang='lat' dir='ltr'><strong>Lamb.</strong></span> <span class='ocrx_word' id='word_1_50' title='bbox 392 923 471 962; x_wconf 81' lang='lat' dir='ltr'><strong>Bos</strong></span> <span class='ocrx_word' id='word_1_51' title='bbox 488 937 644 976; x_wconf 92' lang='lat' dir='ltr'><strong>quoque</strong></span> <span class='ocrx_word' id='word_1_52' title='bbox 662 925 868 964; x_wconf 84' lang='lat' dir='ltr'><strong>nonnullas</strong></span> <span class='ocrx_word' id='word_1_53' title='bbox 886 925 1002 976; x_wconf 86' lang='lat' dir='ltr'><strong>hujus</strong></span> <span class='ocrx_word' id='word_1_54' title='bbox 1021 927 1167 966; x_wconf 87' lang='lat' dir='ltr'><strong>codicis</strong></span> <span class='ocrx_word' id='word_1_55' title='bbox 1184 928 1264 967; x_wconf 90' lang='lat' dir='ltr'><strong>lec-</strong></span> 
     </span>
     <span class='ocr_line' id='line_1_11' title="bbox 211 987 1267 1044; baseline 0.006 -19"><span class='ocrx_word' id='word_1_56' title='bbox 211 987 340 1029; x_wconf 79' lang='lat' dir='ltr'><strong>tiones</strong></span> <span class='ocrx_word' id='word_1_57' title='bbox 376 997 665 1028; x_wconf 83' lang='lat' dir='ltr'><strong>commemorat.</strong></span> <span class='ocrx_word' id='word_1_58' title='bbox 746 991 929 1029; x_wconf 86' lang='lat' dir='ltr'><strong>Animad.</strong></span> <span class='ocrx_word' id='word_1_59' title='bbox 972 991 1023 1031; x_wconf 85' lang='lat' dir='ltr'><strong>ad</strong></span> <span class='ocrx_word' id='word_1_60' title='bbox 1057 992 1267 1044; x_wconf 85' lang='lat' dir='ltr'><strong>scriptores</strong></span> 
     </span>
     <span class='ocr_line' id='line_1_12' title="bbox 213 1051 1164 1108; baseline 0.005 -18"><span class='ocrx_word' id='word_1_61' title='bbox 213 1053 405 1104; x_wconf 85' lang='lat' dir='ltr'><strong>quosdam</strong></span> <span class='ocrx_word' id='word_1_62' title='bbox 422 1053 585 1092; x_wconf 86' lang='lat' dir='ltr'><strong>Latinos</strong></span> <span class='ocrx_word' id='word_1_63' title='bbox 602 1055 816 1106; x_wconf 87' lang='lat' dir='ltr'><strong>specimen,</strong></span> <span class='ocrx_word' id='word_1_64' title='bbox 844 1069 882 1106; x_wconf 88' lang='lat' dir='ltr'><strong>p.</strong></span> <span class='ocrx_word' id='word_1_65' title='bbox 908 1051 972 1095; x_wconf 75' lang='lat'><strong>26.</strong></span> <span class='ocrx_word' id='word_1_66' title='bbox 999 1063 1040 1095; x_wconf 88' lang='lat' dir='ltr'><strong>et</strong></span> <span class='ocrx_word' id='word_1_67' title='bbox 1056 1069 1164 1108; x_wconf 84' lang='lat' dir='ltr'><strong>seqq.</strong></span> 
     </span>
    </p>

    <p class='ocr_par' dir='ltr' id='par_1_5' title="bbox 211 1116 1270 1367">
     <span class='ocr_line' id='line_1_13' title="bbox 275 1116 1270 1172; baseline 0.006 -18"><span class='ocrx_word' id='word_1_68' title='bbox 275 1116 366 1155; x_wconf 85' lang='lat' dir='ltr'><strong>Cod.</strong></span> <span class='ocrx_word' id='word_1_69' title='bbox 395 1129 786 1166; x_wconf 70' lang='lat' dir='ltr'><strong>HELMsrAmnnsm,</strong></span> <span class='ocrx_word' id='word_1_70' title='bbox 804 1119 1000 1158; x_wconf 84' lang='lat' dir='ltr'><strong>recentior</strong></span> <span class='ocrx_word' id='word_1_71' title='bbox 1016 1120 1114 1172; x_wconf 85' lang='lat' dir='ltr'><strong>ipse,</strong></span> <span class='ocrx_word' id='word_1_72' title='bbox 1132 1122 1202 1159; x_wconf 84' lang='lat' dir='ltr'><strong>sed</strong></span> <span class='ocrx_word' id='word_1_73' title='bbox 1218 1122 1270 1160; x_wconf 85' lang='lat' dir='ltr'><strong>ad</strong></span> 
     </span>
     <span class='ocr_line' id='line_1_14' title="bbox 212 1181 1270 1238; baseline 0.004 -18"><span class='ocrx_word' id='word_1_74' title='bbox 212 1181 474 1232; x_wconf 82' lang='lat' dir='ltr'><strong>antiquiorum</strong></span> <span class='ocrx_word' id='word_1_75' title='bbox 505 1182 691 1222; x_wconf 89' lang='lat' dir='ltr'><strong>librorum</strong></span> <span class='ocrx_word' id='word_1_76' title='bbox 709 1183 826 1222; x_wconf 89' lang='lat' dir='ltr'><strong>fidem</strong></span> <span class='ocrx_word' id='word_1_77' title='bbox 855 1185 1083 1223; x_wconf 81' lang='lat' dir='ltr'><strong>emendatus</strong></span> <span class='ocrx_word' id='word_1_78' title='bbox 1100 1198 1185 1238; x_wconf 86' lang='lat' dir='ltr'><strong>esse</strong></span> <span class='ocrx_word' id='word_1_79' title='bbox 1211 1186 1270 1223; x_wconf 89' lang='lat' dir='ltr'><strong>vi·-</strong></span> 
     </span>
     <span class='ocr_line' id='line_1_15' title="bbox 212 1244 1269 1301; baseline 0.007 -18"><span class='ocrx_word' id='word_1_80' title='bbox 212 1245 342 1284; x_wconf 86' lang='lat' dir='ltr'><strong>detur.</strong></span> <span class='ocrx_word' id='word_1_81' title='bbox 395 1246 530 1285; x_wconf 86' lang='lat' dir='ltr'><strong>Habet</strong></span> <span class='ocrx_word' id='word_1_82' title='bbox 549 1254 655 1286; x_wconf 89' lang='lat' dir='ltr'><strong>certe</strong></span> <span class='ocrx_word' id='word_1_83' title='bbox 673 1247 764 1286; x_wconf 88' lang='lat' dir='ltr'><strong>lect.</strong></span> <span class='ocrx_word' id='word_1_84' title='bbox 794 1248 979 1299; x_wconf 81' lang='lat' dir='ltr'><strong>quasdam</strong></span> <span class='ocrx_word' id='word_1_85' title='bbox 996 1244 1210 1301; x_wconf 78' lang='lat' dir='ltr'><strong>singulares</strong></span> <span class='ocrx_word' id='word_1_86' title='bbox 1227 1258 1269 1290; x_wconf 86' lang='lat' dir='ltr'><strong>et</strong></span> 
     </span>
     <span class='ocr_line' id='line_1_16' title="bbox 211 1301 1198 1367; baseline 0.005 -19"><span class='ocrx_word' id='word_1_87' title='bbox 211 1301 497 1358; x_wconf 79' lang='lat' dir='ltr'><strong>memorabiles,</strong></span> <span class='ocrx_word' id='word_1_88' title='bbox 525 1318 566 1349; x_wconf 90' lang='lat' dir='ltr'><strong>et</strong></span> <span class='ocrx_word' id='word_1_89' title='bbox 583 1311 733 1350; x_wconf 84' lang='lat' dir='ltr'><strong>scholia</strong></span> <span class='ocrx_word' id='word_1_90' title='bbox 750 1325 828 1351; x_wconf 90' lang='lat' dir='ltr'><strong>non</strong></span> <span class='ocrx_word' id='word_1_91' title='bbox 846 1325 973 1364; x_wconf 82' lang='lat' dir='ltr'><strong>pauca</strong></span> <span class='ocrx_word' id='word_1_92' title='bbox 989 1313 1198 1367; x_wconf 81' lang='lat' dir='ltr'><strong>adscripta.</strong></span> 
     </span>
    </p>
   </div>
   <div class='ocr_carea' id='block_1_3' title="bbox 214 1457 1267 1694">
    <p class='ocr_par' dir='ltr' id='par_1_6' title="bbox 555 1457 920 1484">
     <span class='ocr_line' id='line_1_17' title="bbox 555 1457 920 1484; baseline 0.003 -1"><span class='ocrx_word' id='word_1_93' title='bbox 555 1457 691 1483; x_wconf 72' lang='lat' dir='ltr'><strong>connx</strong></span> <span class='ocrx_word' id='word_1_94' title='bbox 722 1458 920 1484; x_wconf 58' lang='lat' dir='ltr'><strong>nam-1111·</strong></span> 
     </span>
    </p>

    <p class='ocr_par' dir='ltr' id='par_1_7' title="bbox 214 1511 1267 1694">
     <span class='ocr_line' id='line_1_18' title="bbox 267 1511 1267 1553; baseline 0.003 -3"><span class='ocrx_word' id='word_1_95' title='bbox 267 1511 556 1550; x_wconf 81' lang='lat' dir='ltr'><strong>Commemorat</strong></span> <span class='ocrx_word' id='word_1_96' title='bbox 572 1512 631 1550; x_wconf 89' lang='lat' dir='ltr'><strong>vir</strong></span> <span class='ocrx_word' id='word_1_97' title='bbox 648 1512 894 1551; x_wconf 86' lang='lat' dir='ltr'><strong>doctissimus</strong></span> <span class='ocrx_word' id='word_1_98' title='bbox 913 1513 1122 1552; x_wconf 83' lang='lat' dir='ltr'><strong>Adversar.</strong></span> <span class='ocrx_word' id='word_1_99' title='bbox 1145 1527 1267 1553; x_wconf 85' lang='lat' dir='ltr'><strong>xxxv.</strong></span> 
     </span>
     <span class='ocr_line' id='line_1_19' title="bbox 215 1576 1265 1627; baseline 0.004 -12"><span class='ocrx_word' id='word_1_100' title='bbox 215 1578 255 1616; x_wconf 79' lang='lat'><strong>2.</strong></span> <span class='ocrx_word' id='word_1_101' title='bbox 274 1576 467 1623; x_wconf 88' lang='lat' dir='ltr'><strong>codicem,</strong></span> <span class='ocrx_word' id='word_1_102' title='bbox 485 1583 529 1615; x_wconf 91' lang='lat' dir='ltr'><strong>ut</strong></span> <span class='ocrx_word' id='word_1_103' title='bbox 547 1576 615 1623; x_wconf 87' lang='lat' dir='ltr'><strong>ait,</strong></span> <span class='ocrx_word' id='word_1_104' title='bbox 635 1577 879 1616; x_wconf 84' lang='lat' dir='ltr'><strong>venerandae</strong></span> <span class='ocrx_word' id='word_1_105' title='bbox 898 1578 1116 1627; x_wconf 80' lang='lat' dir='ltr'><strong>vetustatis,</strong></span> <span class='ocrx_word' id='word_1_106' title='bbox 1135 1591 1265 1619; x_wconf 84' lang='lat' dir='ltr'><strong>ncccc</strong></span> 
     </span>
     <span class='ocr_line' id='line_1_20' title="bbox 214 1642 1088 1694; baseline 0.002 -14"><span class='ocrx_word' id='word_1_107' title='bbox 214 1653 419 1689; x_wconf 82' lang='lat' dir='ltr'><strong>annorum,</strong></span> <span class='ocrx_word' id='word_1_108' title='bbox 445 1648 564 1693; x_wconf 85' lang='lat' dir='ltr'><strong>atque</strong></span> <span class='ocrx_word' id='word_1_109' title='bbox 582 1654 634 1683; x_wconf 80' lang='lat' dir='ltr'><strong>ex</strong></span> <span class='ocrx_word' id='word_1_110' title='bbox 653 1654 701 1681; x_wconf 92' lang='lat' dir='ltr'><strong>eo</strong></span> <span class='ocrx_word' id='word_1_111' title='bbox 720 1642 868 1694; x_wconf 87' lang='lat' dir='ltr'><strong>profert</strong></span> <span class='ocrx_word' id='word_1_112' title='bbox 886 1643 1088 1694; x_wconf 84' lang='lat' dir='ltr'><strong>quaedam.</strong></span> 
     </span>
    </p>
   </div>
   <div class='ocr_carea' id='block_1_4' title="bbox 215 1787 1270 2152">
    <p class='ocr_par' dir='ltr' id='par_1_8' title="bbox 565 1787 918 1814">
     <span class='ocr_line' id='line_1_21' title="bbox 565 1787 918 1814; baseline 0 0"><span class='ocrx_word' id='word_1_113' title='bbox 565 1787 701 1814; x_wconf 70' lang='lat' dir='ltr'><strong>comex</strong></span> <span class='ocrx_word' id='word_1_114' title='bbox 731 1788 918 1814; x_wconf 63' lang='lat' dir='ltr'><strong>amaru.</strong></span> 
     </span>
    </p>

    <p class='ocr_par' dir='ltr' id='par_1_9' title="bbox 215 1841 1270 2152">
     <span class='ocr_line' id='line_1_22' title="bbox 269 1841 1269 1891; baseline 0.002 -12"><span class='ocrx_word' id='word_1_115' title='bbox 269 1841 428 1880; x_wconf 88' lang='lat' dir='ltr'><strong>Codicis</strong></span> <span class='ocrx_word' id='word_1_116' title='bbox 445 1853 470 1879; x_wconf 88' lang='lat' dir='ltr'><strong>a</strong></span> <span class='ocrx_word' id='word_1_117' title='bbox 498 1841 537 1880; x_wconf 89' lang='lat' dir='ltr'><strong>J.</strong></span> <span class='ocrx_word' id='word_1_118' title='bbox 557 1841 608 1880; x_wconf 79' lang='lat' dir='ltr'><strong>Gr.</strong></span> <span class='ocrx_word' id='word_1_119' title='bbox 627 1842 796 1882; x_wconf 85' lang='lat' dir='ltr'><strong>Graevio</strong></span> <span class='ocrx_word' id='word_1_120' title='bbox 828 1856 960 1882; x_wconf 85' lang='lat' dir='ltr'><strong>secum</strong></span> <span class='ocrx_word' id='word_1_121' title='bbox 979 1843 1269 1891; x_wconf 88' lang='lat' dir='ltr'><strong>communicati,</strong></span> 
     </span>
     <span class='ocr_line' id='line_1_23' title="bbox 215 1906 1268 1958; baseline 0.004 -15"><span class='ocrx_word' id='word_1_122' title='bbox 215 1906 352 1958; x_wconf 88' lang='lat' dir='ltr'><strong>optimi</strong></span> <span class='ocrx_word' id='word_1_123' title='bbox 371 1906 528 1957; x_wconf 89' lang='lat' dir='ltr'><strong>quidem</strong></span> <span class='ocrx_word' id='word_1_124' title='bbox 547 1914 588 1945; x_wconf 92' lang='lat' dir='ltr'><strong>et</strong></span> <span class='ocrx_word' id='word_1_125' title='bbox 605 1908 936 1958; x_wconf 82' lang='lat' dir='ltr'><strong>praestantissimi,</strong></span> <span class='ocrx_word' id='word_1_126' title='bbox 959 1908 1195 1947; x_wconf 89' lang='lat' dir='ltr'><strong>mentionem</strong></span> <span class='ocrx_word' id='word_1_127' title='bbox 1212 1910 1268 1948; x_wconf 85' lang='lat' dir='ltr'><strong>fa-</strong></span> 
     </span>
     <span class='ocr_line' id='line_1_24' title="bbox 217 1970 1267 2024; baseline 0.002 -15"><span class='ocrx_word' id='word_1_128' title='bbox 217 1970 273 2009; x_wconf 89' lang='lat' dir='ltr'><strong>cit</strong></span> <span class='ocrx_word' id='word_1_129' title='bbox 290 1970 495 2021; x_wconf 85' lang='lat' dir='ltr'><strong>aliquoties</strong></span> <span class='ocrx_word' id='word_1_130' title='bbox 513 1971 637 2010; x_wconf 83' lang='lat' dir='ltr'><strong>Janus</strong></span> <span class='ocrx_word' id='word_1_131' title='bbox 652 1972 921 2011; x_wconf 85' lang='lat' dir='ltr'><strong>Broukhusius</strong></span> <span class='ocrx_word' id='word_1_132' title='bbox 939 1973 989 2011; x_wconf 86' lang='lat' dir='ltr'><strong>ad</strong></span> <span class='ocrx_word' id='word_1_133' title='bbox 1008 1973 1267 2024; x_wconf 88' lang='lat' dir='ltr'><strong>Propertium,</strong></span> 
     </span>
     <span class='ocr_line' id='line_1_25' title="bbox 219 2035 1270 2077; baseline 0.002 -3"><span class='ocrx_word' id='word_1_134' title='bbox 219 2042 264 2074; x_wconf 92' lang='lat' dir='ltr'><strong>ut</strong></span> <span class='ocrx_word' id='word_1_135' title='bbox 280 2035 331 2074; x_wconf 85' lang='lat' dir='ltr'><strong>ad</strong></span> <span class='ocrx_word' id='word_1_136' title='bbox 348 2035 388 2072; x_wconf 88' lang='lat' dir='ltr'><strong>ii.</strong></span> <span class='ocrx_word' id='word_1_137' title='bbox 407 2036 443 2075; x_wconf 90' lang='lat'><strong>7.</strong></span> <span class='ocrx_word' id='word_1_138' title='bbox 463 2038 526 2074; x_wconf 80' lang='lat'><strong>62.</strong></span> <span class='ocrx_word' id='word_1_139' title='bbox 543 2036 583 2073; x_wconf 90' lang='lat' dir='ltr'><strong>ii.</strong></span> <span class='ocrx_word' id='word_1_140' title='bbox 602 2039 639 2074; x_wconf 86' lang='lat'><strong>8.</strong></span> <span class='ocrx_word' id='word_1_141' title='bbox 658 2039 722 2075; x_wconf 82' lang='lat'><strong>28.</strong></span> <span class='ocrx_word' id='word_1_142' title='bbox 739 2040 810 2075; x_wconf 69' lang='grc' dir='ltr'><strong>ὅτε.</strong></span> <span class='ocrx_word' id='word_1_143' title='bbox 875 2036 965 2075; x_wconf 91' lang='lat' dir='ltr'><strong>Non</strong></span> <span class='ocrx_word' id='word_1_144' title='bbox 994 2037 1147 2076; x_wconf 84' lang='lat' dir='ltr'><strong>dubitat</strong></span> <span class='ocrx_word' id='word_1_145' title='bbox 1177 2038 1270 2077; x_wconf 81' lang='lat' dir='ltr'><strong>Jani</strong></span> 
     </span>
     <span class='ocr_line' id='line_1_26' title="bbox 218 2099 987 2152; baseline 0 -14"><span class='ocrx_word' id='word_1_146' title='bbox 218 2099 310 2152; x_wconf 88' lang='lat' dir='ltr'><strong>quin</strong></span> <span class='ocrx_word' id='word_1_147' title='bbox 326 2099 376 2138; x_wconf 85' lang='lat' dir='ltr'><strong>sit</strong></span> <span class='ocrx_word' id='word_1_148' title='bbox 393 2111 488 2137; x_wconf 85' lang='lat' dir='ltr'><strong>con.</strong></span> <span class='ocrx_word' id='word_1_149' title='bbox 508 2110 790 2139; x_wconf 80' lang='lat' dir='ltr'>GRAEVIANUS</span> <span class='ocrx_word' id='word_1_150' title='bbox 806 2100 987 2140; x_wconf 89' lang='lat' dir='ltr'><strong>Bentleii.</strong></span> 
     </span>
    </p>
   </div>
   <div class='ocr_carea' id='block_1_5' title="bbox 275 2228 1268 2284">
    <p class='ocr_par' dir='ltr' id='par_1_10' title="bbox 275 2228 1268 2284">
     <span class='ocr_line' id='line_1_27' title="bbox 275 2228 1268 2284; baseline 0.002 -14"><span class='ocrx_word' id='word_1_151' title='bbox 275 2228 367 2270; x_wconf 86' lang='lat' dir='ltr'><strong>Cod.</strong></span> <span class='ocrx_word' id='word_1_152' title='bbox 394 2240 681 2280; x_wconf 60' lang='lat' dir='ltr'><strong>ursuxznsrs,</strong></span> <span class='ocrx_word' id='word_1_153' title='bbox 707 2229 775 2284; x_wconf 87' lang='lat' dir='ltr'><strong>qui</strong></span> <span class='ocrx_word' id='word_1_154' title='bbox 793 2238 852 2270; x_wconf 85' lang='lat' dir='ltr'><strong>est</strong></span> <span class='ocrx_word' id='word_1_155' title='bbox 869 2230 909 2270; x_wconf 90' lang='lat' dir='ltr'><strong>in</strong></span> <span class='ocrx_word' id='word_1_156' title='bbox 938 2229 1183 2272; x_wconf 83' lang='lat' dir='ltr'><strong>Bibliotheca</strong></span> <span class='ocrx_word' id='word_1_157' title='bbox 1207 2244 1268 2271; x_wconf 86' lang='lat' dir='ltr'><strong>re·-</strong></span> 
     </span>
    </p>
   </div>
  </div>
 </body>
</html>
