1370 2574
142 269 195 306 46
454 266 767 309 CARMINUM
817 269 872 309 11.

243 376 401 428 Insigne
419 379 577 416 moestis
594 379 827 430 praesidium
846 380 937 429 reis,

243 440 295 479 Et
314 439 546 488 consulenti,
565 440 704 491 Pollio,
723 445 880 491 curiae3

293 507 366 546 Cui
386 507 515 544 laurus
533 515 712 547 aeternos
730 510 899 548 honores

342 571 564 610 Dalmatico
581 573 734 624 peperit
751 574 960 626 triumpho.

237 700 326 738 Jam
345 713 449 738 nunc
467 701 608 740 minaci
626 716 822 742 murmure
841 717 1030 744 cornuum

238 764 470 816 Perstringis
489 779 622 804 aures:
646 769 727 817 jam
745 768 831 806 litui
849 776 1052 821 strepunt:

287 831 376 869 Jam
394 831 523 882 fulgor
541 844 735 870 armorum
749 832 908 885 fugaces

338 896 477 934 Terret
495 909 630 948 equos,
649 898 902 951 equitumque
920 901 1061 941 vultus.

233 1026 383 1064 Audire
401 1013 563 1078 inagnos
576 1029 656 1078 jam
675 1028 809 1066 videor
827 1029 948 1069 duces

233 1091 322 1128 Non
341 1091 526 1129 indecoro
545 1092 704 1142 pulvere
723 1094 913 1142 sordidos,

282 1155 335 1193 Et
354 1162 496 1194 cuncta
514 1163 704 1194 terrarum
723 1158 884 1197 subacta

332 1219 494 1258 Praeter
512 1228 685 1259 atrocem
702 1222 874 1261 animum
893 1223 1065 1263 Catonis.

156 1352 176 1399 ,ζ
223 1350 250 1388 J
253 1363 344 1396 un0,
363 1358 403 1388 et
423 1351 583 1388 deorum
603 1351 776 1403 quisquis
794 1353 956 1392 amicior
977 1368 981 1375 ·

170 1402 174 1410 ²
226 1414 332 1451 Afris
352 1415 476 1452 inulta
493 1422 663 1453 cesserat
682 1416 875 1467 impotens

277 1479 448 1525 Tellure,
470 1479 664 1518 victorum
684 1487 847 1532 nepotes

326 1543 477 1582 Retulit
496 1544 650 1583 inferias
667 1546 900 1597 Jugurthae.

221 1672 316 1715 Quis
335 1687 427 1721 non,
442 1674 584 1712 Latino
599 1675 787 1727 sanguine
801 1675 996 1728 pinguior,

220 1740 389 1789 Campus
407 1740 595 1790 sepulcris
614 1741 732 1792 impia
743 1742 892 1792 proelia

271 1803 467 1850 Testatur,
485 1805 739 1857 auditumque
756 1806 887 1845 Medis

319 1868 535 1918 Hesperiae
554 1871 723 1909 sonitum
741 1872 903 1910 ruinae?

215 1998 291 2040 Qui
309 2011 467 2048 gurges,
485 2007 552 2037 aut
571 2013 670 2051 quae
688 2001 848 2040 flumina
863 2002 1038 2053 lugubris

215 2063 354 2113 Ignara
371 2063 461 2100 belli
477 2065 491 2101 ἓ
522 2065 627 2114 quod
645 2078 750 2104 mare
767 2066 947 2104 Dauniae

265 2126 355 2164 Non
375 2126 647 2166 decoloravere
667 2129 832 2168 caedes?

314 2192 424 2234 Quae
444 2198 551 2231 caret
570 2206 637 2232 ora
656 2205 796 2233 cruore
815 2197 975 2235 nostro?
