1370 2574
118 264 197 302 230
520 261 791 306 NOTULAE

424 352 470 378 m
502 353 669 380 EPODON
697 353 882 381 Lnan.

117 445 245 489 μυθιον,
281 448 322 480 et
357 456 562 493 πειςηγοςιοι.
631 439 696 478 Sic
730 439 862 492 itaque
903 439 1149 480 distinximufi
1167 455 1179 480 t

218 518 307 557 Illic
324 532 429 558 omne
446 517 582 557 malum
601 518 686 556 vino
704 524 890 571 cantuque
906 517 1041 567 levato,

218 584 415 637 Deformis
432 583 686 637 aegrimoniae
703 583 869 622 dulcibus
887 582 1086 636 adloquiis.

118 664 394 702 Annocm—um
413 663 586 702 mulieres
603 663 661 701 ire
678 661 800 709 aiunt,
830 676 911 700 cum
938 668 1026 701 eant
1044 663 1098 701 ad
1108 662 1179 701 ali-

116 744 228 781 quam
242 729 400 768 locutum
416 740 691 767 CONSOLANDI
712 739 868 766 CAUSA.
923 727 1107 767 Torrent.
1126 741 1178 767 ex

119 794 295 833 Varrone
314 795 363 833 de
381 794 499 846 Ling.
526 793 614 832 Lat.
635 793 723 831 Lib.
742 792 791 830 V.
844 792 975 831 Bentl.
993 805 1044 831 ex
1077 794 1180 844 conj.

117 860 252 898 inserit
282 873 325 897 ac
344 867 436 898 ante
455 858 633 897 dulcibus.

167 924 255 962 XV.
284 928 322 972 8,
341 928 378 964 9.
413 923 822 977 Turbaret...agitaret‚
842 923 1042 975 vulgarem
1060 923 1178 962 libro-

115 1003 214 1037 rum,
242 997 325 1028 tum
343 989 592 1041 scriptorum,
624 996 708 1027 tum
726 989 1016 1042 impressorum,
1038 988 1176 1028 lectio·

113 1068 217 1102 nem,
237 1054 439 1093 Bentleius
456 1054 623 1106 pessime
642 1053 805 1092 mutavit
823 1053 863 1091 in
883 1053 1174 1108 turbarit-..agi-

112 1120 219 1167 tarit‚
248 1120 366 1171 quod,
394 1119 461 1158 ubi
483 1118 740 1171 praecesserit
765 1129 981 1166 JURABAS,
1015 1132 1066 1158 ne
1095 1119 1173 1160 La-

111 1185 235 1223 tinum
254 1184 411 1236 quidem
430 1191 502 1231 est,
522 1197 596 1222 nec
627 1198 715 1222 cum
744 1197 842 1222 voce
872 1183 974 1231 dum,
996 1183 1063 1223 -rei
1089 1185 1171 1235 jam

110 1259 193 1287 tum
213 1250 428 1301 praesentis
447 1249 779 1288 continuationem
803 1255 979 1295 notante,
1012 1248 1172 1288 omnino

111 1314 322 1353 cohaerere
340 1322 492 1366 potest:
521 1328 637 1366 quam
656 1315 705 1353 ob
725 1314 880 1366 culpam
899 1326 922 1351 a
941 1312 1030 1352 Ric.
1047 1313 1172 1352 John-

109 1393 206 1417 sono
224 1379 364 1418 merito
382 1380 552 1432 vapulat.
591 1380 668 1423 Qui
687 1379 869 1430 exempla
886 1385 996 1416 recte
1009 1371 1174 1429 loquen-

108 1445 148 1483 di
166 1447 259 1483 usfis
270 1445 402 1483 videre
420 1445 528 1492 velit,
547 1445 721 1496 ejusdem
740 1445 767 1482 J
769 1443 933 1482 ohnsoni
948 1443 1168 1482 Aristarch.

109 1510 225 1548 adeat
243 1516 343 1561 part.
363 1509 417 1548 ΙΙ.
435 1524 473 1562 p.
492 1512 558 1557 55,
588 1516 627 1548 et
646 1523 754 1561 seqq.
773 1508 839 1560 qui
867 1508 1062 1560 permulta
1092 1508 1172 1546 huc

109 1575 327 1627 spectantia
341 1575 551 1626 congessit.
571 1574 686 1613 Ratio
702 1587 753 1613 ex
765 1580 985 1625 temporum
999 1573 1171 1624 ipsorum

109 1641 248 1680 natura
265 1641 437 1692 petenda
454 1647 526 1679 est.

163 1708 225 1748 17.
279 1706 356 1744 Pro
375 1711 416 1743 at
445 1711 501 1752 tn,
528 1713 611 1743 tum
642 1705 733 1743 edd.
761 1711 929 1751 veteres,
968 1711 1051 1742 tum
1081 1716 1169 1756 per-

106 1771 219 1809 multi
238 1784 289 1809 ex
310 1770 430 1810 MSS.
449 1771 638 1809 exhibent
656 1776 693 1808 et
710 1775 763 1808 tu.

158 1835 267 1873 XVI.
294 1838 358 1874 41.
426 1835 556 1885 Hujus
584 1835 660 1873 loci
696 1834 891 1873 venustati
924 1834 1165 1873 consuluisse

106 1899 284 1938 videmur
302 1899 617 1950 interpunctione
638 1906 793 1937 nostra:

210 1979 294 2017 Nos
312 1984 435 2016 manet
450 1978 616 2016 Oceanus
630 1970 884 2030 cireumvagus
901 1993 915 2015 :
935 1990 1042 2024 arva,
1061 1976 1167 2014 beata

261 2043 441 2081 Petamus
458 2057 565 2089 arva,
592 2042 724 2080 dizdtes
741 2048 777 2080 et
794 2040 936 2080 insulas
950 2057 967 2086 ,-

211 2107 354 2146 Reddit
372 2107 436 2145 ubi
456 2107 640 2153 Cererem,
658 2110 729 2144 Sco.

160 2199 328 2237 Oceanus
358 2197 615 2249 circumvaga-s
644 2203 704 2235 est
731 2209 901 2236 oceanus
929 2195 996 2248 qui
1023 2201 1166 2234 terram
