1370 2574
147 295 226 332 150
521 290 750 331 EPODON
801 291 842 331 ii.

244 403 389 454 Roges,
408 410 519 441 tuum
539 403 670 442 labore
690 403 784 455 quid
798 405 932 455 juvem
949 415 1052 453 meo,

347 468 533 515 Imbellis,
553 481 599 507 ac
617 468 750 506 firmus
767 482 927 520 parum;

245 534 386 573 Comes
404 533 552 571 minore
571 546 655 571 sum
673 532 828 571 futurus
848 534 888 572 in
906 541 1029 582 metu,

348 598 426 641 Qui
444 601 566 650 major
585 599 766 636 absentes
784 598 925 637 habet:

199 693 211 700 „
245 663 302 702 Ut
319 663 490 701 assidens
509 663 756 715 implumibus
774 663 889 715 pullis
907 663 988 702 avis

348 727 595 779 Serpentium
615 728 794 779 adlapsus
812 728 924 766 timet

241 791 372 843 Magis
391 793 535 830 relictis
548 796 677 839 ;’,non,
697 800 741 830 ut
759 792 873 839 adsit,
893 791 1015 830 auxili

351 857 499 895 Latura
517 852 603 909 plus
622 857 902 909 praesentibus.

243 922 432 960 Libenter
450 922 526 960 hoc
545 930 585 961 et
604 936 718 961 omne
736 921 966 959 militabitur

343 986 497 1024 Bellum
516 987 555 1024 in
574 994 665 1025 tuae
684 999 794 1038 spem
812 985 961 1038 gratiae
976 999 988 1022 z

239 1052 330 1090 Non
349 1059 393 1089 ut
406 1052 585 1102 juvencis
604 1052 752 1103 illigata
769 1051 945 1103 pluribus

343 1118 488 1154 Aratra
505 1116 679 1154 nitantur
697 1128 809 1160 mea;

242 1182 417 1221 Pecusve
438 1181 612 1220 Calabris
630 1188 720 1220 ante
739 1181 845 1219 sidus
862 1180 1054 1219 fervidum

341 1247 503 1285 Lucana
520 1253 646 1285 mutet
664 1259 832 1298 pascua:

236 1312 376 1364 Neque
396 1319 439 1349 ut
458 1311 615 1362 superni
632 1311 722 1349 villa
742 1305 912 1349 candens
931 1309 1091 1349 Tusculi

341 1377 503 1415 Circaea
521 1382 657 1425 tangat
675 1376 841 1413 moenia.

238 1441 338 1479 Satis
357 1452 553 1491 superque
572 1451 635 1476 me
653 1439 872 1489 benignitas
891 1446 959 1477 tua

338 1504 513 1541 Ditavit:
542 1503 647 1541 haud
666 1515 867 1554 paravero,

234 1569 349 1613 Quod
361 1575 441 1615 aut,
454 1581 591 1606 avarus
604 1575 647 1606 ut
661 1568 862 1614 Chremes,
875 1575 980 1606 terra
990 1580 1161 1620 premam
1174 1585 1186 1614 ;

337 1633 565 1672 Discinctus
584 1639 652 1671 aut
669 1632 830 1684 perdam
848 1638 892 1670 ut
910 1645 1043 1684 nepos.

543 1811 658 1849 ODE
712 1810 766 1848 11.

361 1926 497 1953 VITAE
526 1924 740 1952 RUSTICAE
768 1924 950 1951 LAUDES.

229 2022 402 2060 BEATUS
422 2021 501 2067 ille,
530 2019 596 2071 qui
613 2019 749 2071 procul
768 2018 948 2069 negotiis,

334 2085 390 2124 Ut
408 2084 537 2136 prisca
555 2097 652 2135 gens
670 2083 904 2130 mortalium,

229 2150 396 2189 Paterna
413 2161 503 2187 rura
519 2149 643 2187 bobus
661 2154 823 2186 exercet
841 2147 934 2195 suls,

334 2214 490 2253 Solutus
509 2214 613 2254 omni
631 2213 777 2252 fenore.
