1430 2644
260 304 316 343 xii
513 357 515 360 ¹
573 307 814 346 HORATn
866 309 1014 348 vrrA.

311 423 543 462 AUGUSTUS
562 424 599 462 ei
618 424 879 476 Epistolarum
899 425 1067 466 officium
1085 426 1239 475 obtulit,
1267 435 1315 467 ut

258 486 335 525 hoc
349 487 398 525 ad
411 487 685 527 Maecenatem
699 490 844 542 scripto
856 490 1048 542 significat
1059 492 1072 529 ε’
1091 495 1118 515 “
1132 491 1238 530 Ante
1251 491 1312 544 ip-

257 557 285 576 “
297 565 339 590 se
375 552 589 592 scribendis
615 555 787 606 epistolis
817 555 1029 594 amicorum
1052 554 1311 601 sufficiebam

255 620 285 639 “
299 629 404 653 nunc
417 617 740 667 occupatissimus
752 625 792 656 et
804 617 990 666 infirmus,
1002 618 1212 657 Horatium
1222 631 1312 658 nos-

254 685 281 703 “
295 688 398 718 trum
417 693 440 718 a
456 687 498 718 te
517 680 634 732 cupio
654 681 862 720 abducere.
879 711 882 715 .
900 681 1044 720 Veniet
1061 695 1158 734 ergo
1171 683 1221 721 ab
1235 683 1311 722 ista

253 749 280 768 “
294 744 500 795 parasitica
514 757 648 783 mensa
661 745 711 782 ad
722 746 824 785 hanc
838 745 1004 797 regiam;
1021 753 1063 784 et
1075 760 1146 786 nos
1159 747 1200 785 in
1216 747 1311 786 scri·

253 814 280 833 ‘⁴
294 809 432 847 bendis
446 808 617 860 epistolis
629 809 690 859 adj
695 809 870 847 uvabit.’'
886 810 950 849 Ac
961 823 1011 849 ne
1025 811 1217 850 recusanti
1225 811 1309 863 qui-

249 874 340 912 dem
359 880 426 911 aut
444 874 667 912 succensuit
685 873 910 926 quidquam,
929 881 996 913 aut
1015 875 1226 925 amicitiam
1243 889 1308 915 su-

248 949 312 975 am
329 937 508 988 ingerere
521 937 646 976 desiit.
687 937 854 977 Exstant
869 939 1071 991 epistolae,
1086 953 1138 978 ex
1150 940 1306 991 quibus,

247 1001 469 1052 argumenti
488 1001 625 1053 gratia,
639 1015 765 1054 pauca
783 1003 931 1055 subjeci
946 1018 957 1041 :
994 1009 1022 1028 “
1042 1003 1160 1042 Sume
1178 1003 1250 1042 tibi
1267 1016 1307 1042 a·

247 1071 276 1091 ‘⁵
289 1066 412 1118 liquid
421 1066 519 1117 juris
534 1067 639 1118 apud
653 1080 729 1114 me,
749 1074 934 1119 tanquam
948 1068 981 1107 si
996 1068 1197 1108 convictor
1209 1067 1307 1106 mihi

247 1135 275 1155 “
287 1131 424 1169 fueris:
443 1138 550 1169 recte
569 1131 673 1169 enim
692 1139 732 1171 et
751 1146 829 1172 non
848 1139 996 1172 temere
1023 1133 1188 1179 feceris;
1207 1146 1305 1186 quo-

246 1199 274 1219 “
287 1195 390 1233 niam
409 1195 449 1233 id
469 1196 561 1233 usus
572 1194 667 1233 mihi
681 1203 812 1234 tecum
827 1209 911 1236 esse
925 1197 1045 1245 volui,
1069 1198 1102 1235 si
1119 1210 1191 1249 per
1200 1196 1304 1236 vale-

245 1263 274 1283 “
287 1259 463 1297 tudinem
488 1266 594 1296 tuam
613 1259 696 1297 fieri
714 1261 889 1311 posset.”
927 1260 980 1298 Et
994 1251 1151 1299 rursus:
1179 1265 1208 1286 ‘⁶
1226 1260 1303 1300 'rui

244 1327 272 1346 “
286 1321 440 1374 qualem
451 1321 616 1360 habeam
628 1325 868 1372 memoriam,
882 1323 1030 1376 poteris
1048 1336 1101 1363 ex
1113 1323 1306 1375 Septimio

243 1392 271 1411 “
286 1400 441 1439 quoque
452 1394 585 1425 nostro
598 1388 750 1435 audire;
765 1402 854 1428 nam
866 1388 1018 1435 incidit,
1031 1395 1076 1427 ut
1086 1389 1153 1428 illo
1168 1400 1302 1427 coram
1354 1381 1359 1385 ⁸

241 1457 270 1476 “
283 1453 394 1490 fieret
405 1464 428 1489 a
441 1464 504 1489 me
518 1452 575 1489 tui
590 1454 758 1492 mentiot
777 1467 919 1506 neque,
938 1454 969 1491 si
983 1461 1026 1492 tu
1044 1454 1233 1506 superbus
1259 1464 1300 1491 a·

240 1522 270 1542 ‘³
283 1517 470 1555 micitiam
488 1523 659 1555 nostram
674 1519 864 1570 sprevisti,
879 1518 968 1557 ideo
983 1531 1055 1557 nos
1069 1531 1225 1570 quoque
1240 1535 1298 1557 an-

239 1588 268 1608 “
283 1583 591 1636 ovmgncpampmss’
620 1583 830 1621 Praeterea
841 1595 957 1635 saepe
972 1583 1075 1621 inter
1085 1582 1180 1621 alios
1186 1583 1301 1633 jocos

235 1647 482 1699 purissimum
513 1660 670 1703 penem,
696 1654 740 1685 etv
769 1647 1072 1686 homuncionem
1104 1645 1296 1698 lepidissi-

235 1725 358 1760 mum,
373 1712 544 1764 appellat
555 1728 565 1757 ;
583 1724 738 1763 unaque
752 1719 793 1750 et
804 1711 926 1751 altera
939 1711 1173 1750 liberalitate
1186 1712 1297 1750 locu-

233 1777 408 1829 pletavit.
463 1776 616 1828 Scripta
635 1776 790 1828 quidem
823 1777 907 1827 ejus
925 1789 1049 1828 usque
1074 1775 1175 1814 adeo
1204 1789 1294 1828 pro-

232 1842 353 1888 bavit,
380 1853 636 1892 mansuraque
654 1848 844 1892 perpetuo
860 1840 1039 1892 opinatus
1057 1847 1131 1887 est,
1152 1847 1196 1879 ut
1213 1854 1293 1879 non

232 1907 351 1944 modo
372 1906 579 1945 Saeculare
601 1918 757 1944 carmen
777 1906 1088 1957 componendum
1112 1904 1292 1956 injunxe-

231 1971 297 2018 rit,
325 1970 395 2009 sed
413 1978 453 2008 et
473 1970 715 2008 vindelicam
736 1969 938 2008 victoriam
971 1969 1118 2008 Tiberii
1149 1969 1306 2007 Drusi·-

233 2048 324 2087 que,
339 2035 602 2087 privignorum
618 2050 627 2078 ;
643 2046 810 2085 eumque
826 2033 1013 2085 coegerit,
1028 2039 1186 2084 propter
1199 2033 1292 2081 hoc,

233 2098 358 2138 tribus
377 2099 600 2138 Carminum
628 2098 734 2135 libris
749 2111 798 2136 ex
813 2098 932 2149 longo
951 2097 1152 2135 intervallo
1176 2109 1291 2149 quar-

231 2170 315 2204 tum
333 2164 502 2203 addere:
529 2170 616 2215 post
637 2163 844 2202 Sermones
863 2174 1018 2215 quoque
1037 2161 1175 2209 lectos,
1203 2160 1289 2200 nul·
