<?xml version="1.0" encoding="UTF-8"?>
<!DOCTYPE html PUBLIC "-//W3C//DTD XHTML 1.0 Transitional//EN"
    "http://www.w3.org/TR/xhtml1/DTD/xhtml1-transitional.dtd">
<html xmlns="http://www.w3.org/1999/xhtml" xml:lang="en" lang="en">
 <head>
  <title>
</title>
<meta http-equiv="Content-Type" content="text/html;charset=utf-8" />
  <meta name='ocr-system' content='tesseract 3.04.00' />
  <meta name='ocr-capabilities' content='ocr_page ocr_carea ocr_par ocr_line ocrx_word'/>
</head>
<body>
  <div class='ocr_page' id='page_1' title='image "./operahunt01horauoft_0235.png"; bbox 0 0 1370 2574; ppageno 0'>
   <div class='ocr_carea' id='block_1_1' title="bbox 345 302 1128 425">
    <p class='ocr_par' dir='ltr' id='par_1_1' title="bbox 345 302 1128 425">
     <span class='ocr_line' id='line_1_1' title="bbox 471 302 1128 347; baseline -0.012 1"><span class='ocrx_word' id='word_1_1' title='bbox 471 303 740 347; x_wconf 84' lang='lat' dir='ltr'>NOTULAE</span> <span class='ocrx_word' id='word_1_2' title='bbox 1050 302 1128 341; x_wconf 77' lang='lat'><strong>203</strong></span> 
     </span>
     <span class='ocr_line' id='line_1_2' title="bbox 345 391 860 425; baseline -0.016 0"><span class='ocrx_word' id='word_1_3' title='bbox 345 396 393 425; x_wconf 75' lang='lat' dir='ltr'><strong>nt</strong></span> <span class='ocrx_word' id='word_1_4' title='bbox 420 396 506 424; x_wconf 76' lang='lat' dir='ltr'><strong>mn.</strong></span> <span class='ocrx_word' id='word_1_5' title='bbox 534 395 582 423; x_wconf 83' lang='lat' dir='ltr'><strong>u.</strong></span> <span class='ocrx_word' id='word_1_6' title='bbox 609 391 860 423; x_wconf 72' lang='lat' dir='ltr'><strong>mmmmm.</strong></span> 
     </span>
    </p>
   </div>
   <div class='ocr_carea' id='block_1_2' title="bbox 83 472 1165 2264">
    <p class='ocr_par' dir='ltr' id='par_1_2' title="bbox 131 472 1100 534">
     <span class='ocr_line' id='line_1_3' title="bbox 131 472 1100 534; baseline -0.014 -10"><span class='ocrx_word' id='word_1_7' title='bbox 131 484 166 524; x_wconf 92' lang='lat'><strong>1.</strong></span> <span class='ocrx_word' id='word_1_8' title='bbox 201 487 240 524; x_wconf 86' lang='lat'><strong>5.</strong></span> <span class='ocrx_word' id='word_1_9' title='bbox 290 482 424 530; x_wconf 74' lang='lat' dir='ltr'><strong>Uncto,</strong></span> <span class='ocrx_word' id='word_1_10' title='bbox 442 481 603 534; x_wconf 80' lang='lat' dir='ltr'><strong>possuta.</strong></span> <span class='ocrx_word' id='word_1_11' title='bbox 640 478 770 518; x_wconf 88' lang='lat' dir='ltr'><strong>Bentl.</strong></span> <span class='ocrx_word' id='word_1_12' title='bbox 791 474 943 515; x_wconf 83' lang='lat' dir='ltr'><strong>emend.</strong></span> <span class='ocrx_word' id='word_1_13' title='bbox 970 472 1100 512; x_wconf 74' lang='lat' dir='ltr'><strong>tincta.</strong></span> 
     </span>
    </p>

    <p class='ocr_par' dir='ltr' id='par_1_3' title="bbox 84 535 1127 652">
     <span class='ocr_line' id='line_1_4' title="bbox 131 535 1127 592; baseline -0.014 -4"><span class='ocrx_word' id='word_1_14' title='bbox 131 551 196 588; x_wconf 77' lang='lat'><strong>21.</strong></span> <span class='ocrx_word' id='word_1_15' title='bbox 247 546 325 586; x_wconf 83' lang='lat' dir='ltr'><strong>Pro</strong></span> <span class='ocrx_word' id='word_1_16' title='bbox 342 545 475 585; x_wconf 79' lang='lat' dir='ltr'><strong>audire</strong></span> <span class='ocrx_word' id='word_1_17' title='bbox 492 544 619 583; x_wconf 82' lang='lat' dir='ltr'><strong>Bentl.</strong></span> <span class='ocrx_word' id='word_1_18' title='bbox 638 556 689 582; x_wconf 85' lang='lat' dir='ltr'><strong>ex</strong></span> <span class='ocrx_word' id='word_1_19' title='bbox 708 542 936 592; x_wconf 84' lang='lat' dir='ltr'><strong>conjectura</strong></span> <span class='ocrx_word' id='word_1_20' title='bbox 954 535 1127 590; x_wconf 78' lang='lat' dir='ltr'><strong>reposuit</strong></span> 
     </span>
     <span class='ocr_line' id='line_1_5' title="bbox 84 612 223 652; baseline -0.014 0"><span class='ocrx_word' id='word_1_21' title='bbox 84 612 223 652; x_wconf 81' lang='lat' dir='ltr'><strong>videre.</strong></span> 
     </span>
    </p>

    <p class='ocr_par' dir='ltr' id='par_1_4' title="bbox 83 667 1129 794">
     <span class='ocr_line' id='line_1_6' title="bbox 132 667 1129 727; baseline -0.012 -11"><span class='ocrx_word' id='word_1_22' title='bbox 132 677 187 715; x_wconf 90' lang='lat'><strong>11.</strong></span> <span class='ocrx_word' id='word_1_23' title='bbox 209 679 268 716; x_wconf 93' lang='lat'><strong>11.</strong></span> <span class='ocrx_word' id='word_1_24' title='bbox 328 676 489 727; x_wconf 76' lang='lat' dir='ltr'><strong><em>Uterque</em></strong></span> <span class='ocrx_word' id='word_1_25' title='bbox 502 673 664 719; x_wconf 81' lang='lat' dir='ltr'><strong>Poenus,</strong></span> <span class='ocrx_word' id='word_1_26' title='bbox 691 671 732 709; x_wconf 89' lang='lat' dir='ltr'><strong>in</strong></span> <span class='ocrx_word' id='word_1_27' title='bbox 751 669 887 709; x_wconf 84' lang='lat' dir='ltr'><strong>Africa</strong></span> <span class='ocrx_word' id='word_1_28' title='bbox 903 667 1070 714; x_wconf 80' lang='lat' dir='ltr'><strong>scilicet,</strong></span> <span class='ocrx_word' id='word_1_29' title='bbox 1086 671 1129 704; x_wconf 88' lang='lat' dir='ltr'><strong>et</strong></span> 
     </span>
     <span class='ocr_line' id='line_1_7' title="bbox 83 742 285 794; baseline -0.01 -12"><span class='ocrx_word' id='word_1_30' title='bbox 83 742 285 794; x_wconf 77' lang='lat' dir='ltr'><strong>Hispania.</strong></span> 
     </span>
    </p>

    <p class='ocr_par' dir='ltr' id='par_1_5' title="bbox 84 795 1138 1051">
     <span class='ocr_line' id='line_1_8' title="bbox 136 795 1135 856; baseline -0.01 -12"><span class='ocrx_word' id='word_1_31' title='bbox 136 806 212 844; x_wconf 89' lang='lat'>111.</span> <span class='ocrx_word' id='word_1_32' title='bbox 240 807 402 846; x_wconf 86' lang='lat'>17-19.</span> <span class='ocrx_word' id='word_1_33' title='bbox 453 812 511 856; x_wconf 57' lang='lat' dir='ltr'><strong>‘ry</strong></span> <span class='ocrx_word' id='word_1_34' title='bbox 530 808 626 842; x_wconf 67' lang='lat' dir='ltr'><strong>araon</strong></span> <span class='ocrx_word' id='word_1_35' title='bbox 643 802 758 853; x_wconf 87' lang='lat' dir='ltr'><strong>hujus</strong></span> <span class='ocrx_word' id='word_1_36' title='bbox 787 798 867 838; x_wconf 88' lang='lat' dir='ltr'><strong>loci</strong></span> <span class='ocrx_word' id='word_1_37' title='bbox 895 795 1135 837; x_wconf 82' lang='lat' dir='ltr'><strong>consuluisse</strong></span> 
     </span>
     <span class='ocr_line' id='line_1_9' title="bbox 84 863 1136 920; baseline -0.01 -11"><span class='ocrx_word' id='word_1_38' title='bbox 84 870 259 909; x_wconf 84' lang='lat' dir='ltr'><strong>videmur</strong></span> <span class='ocrx_word' id='word_1_39' title='bbox 277 869 587 920; x_wconf 84' lang='lat' dir='ltr'><strong>interpunctione</strong></span> <span class='ocrx_word' id='word_1_40' title='bbox 606 874 749 906; x_wconf 81' lang='lat' dir='ltr'><strong>nostra.</strong></span> <span class='ocrx_word' id='word_1_41' title='bbox 802 863 926 903; x_wconf 86' lang='lat' dir='ltr'><strong>Molle</strong></span> <span class='ocrx_word' id='word_1_42' title='bbox 945 875 992 900; x_wconf 83' lang='lat' dir='ltr'><strong>ac</strong></span> <span class='ocrx_word' id='word_1_43' title='bbox 1009 872 1136 900; x_wconf 87' lang='lat' dir='ltr'><strong>moes-</strong></span> 
     </span>
     <span class='ocr_line' id='line_1_10' title="bbox 87 927 1138 986; baseline -0.01 -12"><span class='ocrx_word' id='word_1_44' title='bbox 87 942 171 974; x_wconf 83' lang='lat' dir='ltr'><strong>tum</strong></span> <span class='ocrx_word' id='word_1_45' title='bbox 189 933 371 986; x_wconf 82' lang='lat' dir='ltr'><strong>quiddam</strong></span> <span class='ocrx_word' id='word_1_46' title='bbox 388 934 506 974; x_wconf 82' lang='lat' dir='ltr'><strong>habet</strong></span> <span class='ocrx_word' id='word_1_47' title='bbox 534 932 713 986; x_wconf 87' lang='lat' dir='ltr'><strong>repetitio</strong></span> <span class='ocrx_word' id='word_1_48' title='bbox 731 929 839 969; x_wconf 88' lang='lat' dir='ltr'><strong>verbi</strong></span> <span class='ocrx_word' id='word_1_49' title='bbox 856 928 960 968; x_wconf 79' lang='lat' dir='ltr'><strong>cedes</strong></span> <span class='ocrx_word' id='word_1_50' title='bbox 990 927 1138 978; x_wconf 81' lang='lat' dir='ltr'><strong>absque</strong></span> 
     </span>
     <span class='ocr_line' id='line_1_11' title="bbox 88 999 287 1051; baseline -0.01 -12"><span class='ocrx_word' id='word_1_51' title='bbox 88 999 287 1051; x_wconf 88' lang='lat' dir='ltr'><strong>regimine.</strong></span> 
     </span>
    </p>

    <p class='ocr_par' dir='ltr' id='par_1_6' title="bbox 90 1057 1141 1234">
     <span class='ocr_line' id='line_1_12' title="bbox 141 1057 1141 1109; baseline -0.01 -6"><span class='ocrx_word' id='word_1_52' title='bbox 141 1067 206 1103; x_wconf 77' lang='lat'><strong>23.</strong></span> <span class='ocrx_word' id='word_1_53' title='bbox 267 1063 343 1102; x_wconf 81' lang='lat' dir='ltr'><strong>Sub</strong></span> <span class='ocrx_word' id='word_1_54' title='bbox 360 1064 452 1102; x_wconf 86' lang='lat' dir='ltr'><strong>divo-</strong></span> <span class='ocrx_word' id='word_1_55' title='bbox 473 1062 641 1109; x_wconf 78' lang='lat' dir='ltr'><strong>moreris,</strong></span> <span class='ocrx_word' id='word_1_56' title='bbox 681 1062 707 1099; x_wconf 88' lang='lat' dir='ltr'><strong>i.</strong></span> <span class='ocrx_word' id='word_1_57' title='bbox 738 1074 775 1100; x_wconf 88' lang='lat' dir='ltr'><strong>e.</strong></span> <span class='ocrx_word' id='word_1_58' title='bbox 803 1060 844 1098; x_wconf 89' lang='lat' dir='ltr'><strong>in</strong></span> <span class='ocrx_word' id='word_1_59' title='bbox 875 1065 980 1097; x_wconf 83' lang='lat' dir='ltr'><strong>terra</strong></span> <span class='ocrx_word' id='word_1_60' title='bbox 1007 1057 1141 1107; x_wconf 81' lang='lat' dir='ltr'><strong>degas.</strong></span> 
     </span>
     <span class='ocr_line' id='line_1_13' title="bbox 90 1124 1141 1179; baseline -0.01 -11"><span class='ocrx_word' id='word_1_61' title='bbox 90 1129 309 1168; x_wconf 84' lang='lat' dir='ltr'><strong>Wakefield</strong></span> <span class='ocrx_word' id='word_1_62' title='bbox 335 1128 536 1179; x_wconf 82' lang='lat' dir='ltr'><strong>ingeniose</strong></span> <span class='ocrx_word' id='word_1_63' title='bbox 553 1126 705 1165; x_wconf 87' lang='lat' dir='ltr'><strong>emend.</strong></span> <span class='ocrx_word' id='word_1_64' title='bbox 723 1124 896 1170; x_wconf 81' lang='lat' dir='ltr'><strong>moraris,</strong></span> <span class='ocrx_word' id='word_1_65' title='bbox 923 1131 967 1161; x_wconf 88' lang='lat' dir='ltr'><strong>ut</strong></span> <span class='ocrx_word' id='word_1_66' title='bbox 984 1128 1141 1160; x_wconf 86' lang='lat' dir='ltr'><strong>senten·</strong></span> 
     </span>
     <span class='ocr_line' id='line_1_14' title="bbox 91 1186 1060 1234; baseline -0.009 -1"><span class='ocrx_word' id='word_1_67' title='bbox 91 1195 148 1234; x_wconf 79' lang='lat' dir='ltr'><strong>tia</strong></span> <span class='ocrx_word' id='word_1_68' title='bbox 162 1194 238 1232; x_wconf 83' lang='lat' dir='ltr'><strong>sit:</strong></span> <span class='ocrx_word' id='word_1_69' title='bbox 265 1193 304 1231; x_wconf 88' lang='lat' dir='ltr'><strong>in</strong></span> <span class='ocrx_word' id='word_1_70' title='bbox 322 1199 427 1230; x_wconf 83' lang='lat' dir='ltr'><strong>terra</strong></span> <span class='ocrx_word' id='word_1_71' title='bbox 443 1191 538 1229; x_wconf 89' lang='lat' dir='ltr'><strong>vivis</strong></span> <span class='ocrx_word' id='word_1_72' title='bbox 555 1190 714 1228; x_wconf 83' lang='lat' dir='ltr'><strong>victima</strong></span> <span class='ocrx_word' id='word_1_73' title='bbox 731 1189 838 1228; x_wconf 91' lang='lat' dir='ltr'><strong>Orco</strong></span> <span class='ocrx_word' id='word_1_74' title='bbox 856 1186 1060 1226; x_wconf 82' lang='lat' dir='ltr'><strong>destinata.</strong></span> 
     </span>
    </p>

    <p class='ocr_par' dir='ltr' id='par_1_7' title="bbox 95 1250 1156 1690">
     <span class='ocr_line' id='line_1_15' title="bbox 144 1250 1145 1306; baseline -0.009 -11"><span class='ocrx_word' id='word_1_75' title='bbox 144 1257 193 1295; x_wconf 84' lang='lat' dir='ltr'><strong>V.</strong></span> <span class='ocrx_word' id='word_1_76' title='bbox 223 1259 283 1295; x_wconf 83' lang='lat'><strong>13.</strong></span> <span class='ocrx_word' id='word_1_77' title='bbox 338 1256 454 1294; x_wconf 81' lang='lat' dir='ltr'><strong>Aetas</strong></span> <span class='ocrx_word' id='word_1_78' title='bbox 467 1257 589 1306; x_wconf 72' lang='lat' dir='ltr'><strong>firooe</strong></span> <span class='ocrx_word' id='word_1_79' title='bbox 605 1254 759 1292; x_wconf 82' lang='lat' dir='ltr'><strong>videtur</strong></span> <span class='ocrx_word' id='word_1_80' title='bbox 776 1265 860 1291; x_wconf 86' lang='lat' dir='ltr'><strong>esse</strong></span> <span class='ocrx_word' id='word_1_81' title='bbox 878 1258 984 1290; x_wconf 80' lang='lat' dir='ltr'><strong>aetas</strong></span> <span class='ocrx_word' id='word_1_82' title='bbox 1003 1250 1145 1301; x_wconf 82' lang='lat' dir='ltr'><strong>ubiju-</strong></span> 
     </span>
     <span class='ocr_line' id='line_1_16' title="bbox 95 1313 1149 1373; baseline -0.008 -14"><span class='ocrx_word' id='word_1_83' title='bbox 95 1322 344 1373; x_wconf 71' lang='lat' dir='ltr'><strong>vencaserox,</strong></span> <span class='ocrx_word' id='word_1_84' title='bbox 372 1319 452 1357; x_wconf 83' lang='lat' dir='ltr'><strong>sive</strong></span> <span class='ocrx_word' id='word_1_85' title='bbox 470 1331 621 1370; x_wconf 84' lang='lat' dir='ltr'><strong>aspera,</strong></span> <span class='ocrx_word' id='word_1_86' title='bbox 648 1326 721 1364; x_wconf 88' lang='lat' dir='ltr'><strong>est,</strong></span> <span class='ocrx_word' id='word_1_87' title='bbox 748 1324 788 1355; x_wconf 91' lang='lat' dir='ltr'><strong>et</strong></span> <span class='ocrx_word' id='word_1_88' title='bbox 806 1327 952 1354; x_wconf 87' lang='lat' dir='ltr'><strong>marem</strong></span> <span class='ocrx_word' id='word_1_89' title='bbox 982 1313 1149 1364; x_wconf 76' lang='lat' dir='ltr'><strong>fugiens.</strong></span> 
     </span>
     <span class='ocr_line' id='line_1_17' title="bbox 95 1376 1149 1429; baseline -0.009 -6"><span class='ocrx_word' id='word_1_90' title='bbox 95 1384 211 1423; x_wconf 82' lang='lat' dir='ltr'><strong>Haec</strong></span> <span class='ocrx_word' id='word_1_91' title='bbox 229 1390 335 1423; x_wconf 84' lang='lat' dir='ltr'><strong>aetas</strong></span> <span class='ocrx_word' id='word_1_92' title='bbox 352 1383 484 1429; x_wconf 81' lang='lat' dir='ltr'><strong>currit,</strong></span> <span class='ocrx_word' id='word_1_93' title='bbox 504 1382 684 1422; x_wconf 84' lang='lat' dir='ltr'><strong>celeriter</strong></span> <span class='ocrx_word' id='word_1_94' title='bbox 702 1381 853 1426; x_wconf 86' lang='lat' dir='ltr'><strong>transit,</strong></span> <span class='ocrx_word' id='word_1_95' title='bbox 887 1378 966 1417; x_wconf 88' lang='lat' dir='ltr'><strong>cito</strong></span> <span class='ocrx_word' id='word_1_96' title='bbox 998 1376 1149 1416; x_wconf 83' lang='lat' dir='ltr'><strong>abierit.</strong></span> 
     </span>
     <span class='ocr_line' id='line_1_18' title="bbox 97 1443 1150 1498; baseline -0.006 -12"><span class='ocrx_word' id='word_1_97' title='bbox 97 1447 251 1486; x_wconf 79' lang='lat' dir='ltr'><strong>Wakef.</strong></span> <span class='ocrx_word' id='word_1_98' title='bbox 269 1447 445 1485; x_wconf 82' lang='lat' dir='ltr'><strong>tentabat</strong></span> <span class='ocrx_word' id='word_1_99' title='bbox 444 1447 581 1498; x_wconf 69' lang='lat' dir='ltr'><em>fiagax</em></span> <span class='ocrx_word' id='word_1_100' title='bbox 598 1459 648 1483; x_wconf 86' lang='lat' dir='ltr'><strong>ex</strong></span> <span class='ocrx_word' id='word_1_101' title='bbox 667 1459 703 1483; x_wconf 89' lang='lat' dir='ltr'><strong>v.</strong></span> <span class='ocrx_word' id='word_1_102' title='bbox 725 1447 784 1485; x_wconf 86' lang='lat'><strong>17.</strong></span> <span class='ocrx_word' id='word_1_103' title='bbox 809 1443 875 1482; x_wconf 91' lang='lat' dir='ltr'><strong>ubi</strong></span> <span class='ocrx_word' id='word_1_104' title='bbox 886 1444 1009 1494; x_wconf 74' lang='lat' dir='ltr'><strong>ferox</strong></span> <span class='ocrx_word' id='word_1_105' title='bbox 1037 1454 1150 1493; x_wconf 86' lang='lat' dir='ltr'><strong>repo-</strong></span> 
     </span>
     <span class='ocr_line' id='line_1_19' title="bbox 98 1505 1153 1562; baseline -0.008 -11"><span class='ocrx_word' id='word_1_106' title='bbox 98 1513 187 1551; x_wconf 83' lang='lat' dir='ltr'><strong>suit.</strong></span> <span class='ocrx_word' id='word_1_107' title='bbox 243 1511 374 1550; x_wconf 82' lang='lat' dir='ltr'><strong>Currit</strong></span> <span class='ocrx_word' id='word_1_108' title='bbox 373 1513 497 1562; x_wconf 78' lang='lat' dir='ltr'><strong>ferox</strong></span> <span class='ocrx_word' id='word_1_109' title='bbox 514 1516 618 1548; x_wconf 81' lang='lat' dir='ltr'><strong>aetas</strong></span> <span class='ocrx_word' id='word_1_110' title='bbox 636 1508 781 1560; x_wconf 88' lang='lat' dir='ltr'><strong>exponi</strong></span> <span class='ocrx_word' id='word_1_111' title='bbox 800 1508 916 1547; x_wconf 78' lang='lat' dir='ltr'><strong>etiam</strong></span> <span class='ocrx_word' id='word_1_112' title='bbox 935 1514 1078 1558; x_wconf 90' lang='lat' dir='ltr'><strong>potest,</strong></span> <span class='ocrx_word' id='word_1_113' title='bbox 1095 1505 1153 1544; x_wconf 86' lang='lat' dir='ltr'><strong>fe-</strong></span> 
     </span>
     <span class='ocr_line' id='line_1_20' title="bbox 98 1570 1154 1626; baseline -0.007 -11"><span class='ocrx_word' id='word_1_114' title='bbox 98 1576 244 1616; x_wconf 86' lang='lat' dir='ltr'><strong>rociter</strong></span> <span class='ocrx_word' id='word_1_115' title='bbox 261 1576 397 1622; x_wconf 88' lang='lat' dir='ltr'><strong>currit,</strong></span> <span class='ocrx_word' id='word_1_116' title='bbox 417 1575 505 1626; x_wconf 88' lang='lat' dir='ltr'><strong>equi</strong></span> <span class='ocrx_word' id='word_1_117' title='bbox 524 1574 665 1613; x_wconf 88' lang='lat' dir='ltr'><strong>ferocis</strong></span> <span class='ocrx_word' id='word_1_118' title='bbox 683 1574 816 1620; x_wconf 83' lang='lat' dir='ltr'><strong>instar,</strong></span> <span class='ocrx_word' id='word_1_119' title='bbox 849 1579 892 1610; x_wconf 87' lang='lat' dir='ltr'><strong>ut</strong></span> <span class='ocrx_word' id='word_1_120' title='bbox 915 1571 1019 1622; x_wconf 81' lang='lat' dir='ltr'><strong>apud</strong></span> <span class='ocrx_word' id='word_1_121' title='bbox 1037 1570 1154 1608; x_wconf 84' lang='lat' dir='ltr'><strong>Ovid.</strong></span> 
     </span>
     <span class='ocr_line' id='line_1_21' title="bbox 100 1634 1156 1690; baseline -0.007 -11"><span class='ocrx_word' id='word_1_122' title='bbox 100 1641 204 1679; x_wconf 82' lang='lat' dir='ltr'><strong>Fast.</strong></span> <span class='ocrx_word' id='word_1_123' title='bbox 223 1640 293 1677; x_wconf 89' lang='lat' dir='ltr'><strong>V1.</strong></span> <span class='ocrx_word' id='word_1_124' title='bbox 310 1640 400 1680; x_wconf 76' lang='lat'><strong>772.</strong></span> <span class='ocrx_word' id='word_1_125' title='bbox 428 1639 597 1690; x_wconf 83' lang='lat' dir='ltr'><strong>Fugiunt</strong></span> <span class='ocrx_word' id='word_1_126' title='bbox 597 1640 720 1689; x_wconf 83' lang='lat' dir='ltr'><strong>freno</strong></span> <span class='ocrx_word' id='word_1_127' title='bbox 748 1650 820 1674; x_wconf 84' lang='lat' dir='ltr'><strong>non</strong></span> <span class='ocrx_word' id='word_1_128' title='bbox 839 1640 1048 1673; x_wconf 60' lang='lat' dir='ltr'><strong>remorante</strong></span> <span class='ocrx_word' id='word_1_129' title='bbox 1064 1634 1156 1673; x_wconf 78' lang='lat' dir='ltr'><strong>dies.</strong></span> 
     </span>
    </p>

    <p class='ocr_par' dir='ltr' id='par_1_8' title="bbox 102 1698 1157 1819">
     <span class='ocr_line' id='line_1_22' title="bbox 152 1698 1155 1748; baseline -0.005 -6"><span class='ocrx_word' id='word_1_130' title='bbox 152 1703 223 1742; x_wconf 90' lang='lat' dir='ltr'><strong>VI.</strong></span> <span class='ocrx_word' id='word_1_131' title='bbox 246 1706 305 1742; x_wconf 88' lang='lat'><strong>18.</strong></span> <span class='ocrx_word' id='word_1_132' title='bbox 334 1702 482 1740; x_wconf 77' lang='lat' dir='ltr'><strong>Amicus</strong></span> <span class='ocrx_word' id='word_1_133' title='bbox 503 1701 620 1739; x_wconf 91' lang='lat' dir='ltr'>MSS.</span> <span class='ocrx_word' id='word_1_134' title='bbox 639 1708 679 1738; x_wconf 87' lang='lat' dir='ltr'><strong>et</strong></span> <span class='ocrx_word' id='word_1_135' title='bbox 699 1699 799 1736; x_wconf 89' lang='lat' dir='ltr'><strong>Edd.</strong></span> <span class='ocrx_word' id='word_1_136' title='bbox 819 1699 984 1737; x_wconf 77' lang='lat' dir='ltr'><strong>Amictus</strong></span> <span class='ocrx_word' id='word_1_137' title='bbox 995 1698 1155 1748; x_wconf 81' lang='lat' dir='ltr'><strong>elegans</strong></span> 
     </span>
     <span class='ocr_line' id='line_1_23' title="bbox 102 1762 1157 1819; baseline -0.006 -11"><span class='ocrx_word' id='word_1_138' title='bbox 102 1771 329 1819; x_wconf 86' lang='lat' dir='ltr'><strong>conjectura</strong></span> <span class='ocrx_word' id='word_1_139' title='bbox 346 1766 397 1804; x_wconf 86' lang='lat' dir='ltr'><strong>N.</strong></span> <span class='ocrx_word' id='word_1_140' title='bbox 417 1765 582 1804; x_wconf 88' lang='lat' dir='ltr'><strong>Heinsii.</strong></span> <span class='ocrx_word' id='word_1_141' title='bbox 624 1764 700 1802; x_wconf 90' lang='lat' dir='ltr'><strong>Pro</strong></span> <span class='ocrx_word' id='word_1_142' title='bbox 700 1763 835 1815; x_wconf 81' lang='lat' dir='ltr'><strong>fertili</strong></span> <span class='ocrx_word' id='word_1_143' title='bbox 858 1762 979 1800; x_wconf 84' lang='lat' dir='ltr'><strong>MSS.</strong></span> <span class='ocrx_word' id='word_1_144' title='bbox 998 1762 1157 1814; x_wconf 83' lang='lat' dir='ltr'><strong>quidam</strong></span> 
     </span>
    </p>

    <p class='ocr_par' dir='ltr' id='par_1_9' title="bbox 86 1833 251 1885">
     <span class='ocr_line' id='line_1_24' title="bbox 86 1833 251 1885; baseline -0.018 -12"><span class='ocrx_word' id='word_1_145' title='bbox 86 1833 251 1885; x_wconf 79' lang='lat' dir='ltr'><strong>fertilis.</strong></span> 
     </span>
    </p>

    <p class='ocr_par' dir='ltr' id='par_1_10' title="bbox 106 1892 1165 2264">
     <span class='ocr_line' id='line_1_25' title="bbox 158 1892 1160 1948; baseline -0.004 -13"><span class='ocrx_word' id='word_1_146' title='bbox 158 1898 208 1935; x_wconf 89' lang='lat' dir='ltr'><strong>X.</strong></span> <span class='ocrx_word' id='word_1_147' title='bbox 226 1900 264 1935; x_wconf 87' lang='lat'><strong>9.</strong></span> <span class='ocrx_word' id='word_1_148' title='bbox 313 1895 466 1948; x_wconf 74' lang='lat' dir='ltr'><strong>Saepius</strong></span> <span class='ocrx_word' id='word_1_149' title='bbox 483 1894 602 1933; x_wconf 90' lang='lat' dir='ltr'><strong>lectio</strong></span> <span class='ocrx_word' id='word_1_150' title='bbox 615 1894 786 1944; x_wconf 84' lang='lat' dir='ltr'><strong>vulgata,</strong></span> <span class='ocrx_word' id='word_1_151' title='bbox 805 1906 877 1945; x_wconf 85' lang='lat' dir='ltr'><strong>pro</strong></span> <span class='ocrx_word' id='word_1_152' title='bbox 895 1905 972 1945; x_wconf 84' lang='lat' dir='ltr'><strong>qua</strong></span> <span class='ocrx_word' id='word_1_153' title='bbox 989 1892 1160 1931; x_wconf 79' lang='lat' dir='ltr'><strong>editores</strong></span> 
     </span>
     <span class='ocr_line' id='line_1_26' title="bbox 106 1957 1161 2011; baseline -0.004 -11"><span class='ocrx_word' id='word_1_154' title='bbox 106 1960 362 2006; x_wconf 87' lang='lat' dir='ltr'><strong>recentiores,</strong></span> <span class='ocrx_word' id='word_1_155' title='bbox 392 1959 559 2011; x_wconf 84' lang='lat' dir='ltr'><strong>pessimo</strong></span> <span class='ocrx_word' id='word_1_156' title='bbox 578 1958 774 2009; x_wconf 86' lang='lat' dir='ltr'><strong>exemplo,</strong></span> <span class='ocrx_word' id='word_1_157' title='bbox 794 1957 842 1995; x_wconf 84' lang='lat' dir='ltr'><strong>de</strong></span> <span class='ocrx_word' id='word_1_158' title='bbox 861 1970 932 1995; x_wconf 86' lang='lat' dir='ltr'><strong>suo</strong></span> <span class='ocrx_word' id='word_1_159' title='bbox 950 1969 1161 2008; x_wconf 84' lang='lat' dir='ltr'><strong>reposuere</strong></span> 
     </span>
     <span class='ocr_line' id='line_1_27' title="bbox 108 2021 1162 2072; baseline -0.005 -9"><span class='ocrx_word' id='word_1_160' title='bbox 108 2025 267 2072; x_wconf 73' lang='lat' dir='ltr'><strong>saevius,</strong></span> <span class='ocrx_word' id='word_1_161' title='bbox 299 2030 436 2062; x_wconf 85' lang='lat' dir='ltr'><strong>contra</strong></span> <span class='ocrx_word' id='word_1_162' title='bbox 454 2036 587 2061; x_wconf 88' lang='lat' dir='ltr'><strong>omnes</strong></span> <span class='ocrx_word' id='word_1_163' title='bbox 605 2023 722 2060; x_wconf 89' lang='lat' dir='ltr'><strong>libros</strong></span> <span class='ocrx_word' id='word_1_164' title='bbox 740 2030 905 2060; x_wconf 86' lang='lat' dir='ltr'><strong>veteres.</strong></span> <span class='ocrx_word' id='word_1_165' title='bbox 960 2021 1016 2060; x_wconf 89' lang='lat' dir='ltr'><strong>Ut</strong></span> <span class='ocrx_word' id='word_1_166' title='bbox 1033 2021 1162 2072; x_wconf 84' lang='lat' dir='ltr'><strong>pinus,</strong></span> 
     </span>
     <span class='ocr_line' id='line_1_28' title="bbox 110 2084 1164 2140; baseline -0.005 -13"><span class='ocrx_word' id='word_1_167' title='bbox 110 2090 202 2140; x_wconf 85' lang='lat' dir='ltr'><strong>quia</strong></span> <span class='ocrx_word' id='word_1_168' title='bbox 219 2089 297 2127; x_wconf 83' lang='lat' dir='ltr'><strong>alta</strong></span> <span class='ocrx_word' id='word_1_169' title='bbox 314 2095 387 2134; x_wconf 86' lang='lat' dir='ltr'><strong>est,</strong></span> <span class='ocrx_word' id='word_1_170' title='bbox 401 2095 442 2126; x_wconf 85' lang='lat' dir='ltr'><strong>et</strong></span> <span class='ocrx_word' id='word_1_171' title='bbox 455 2088 540 2126; x_wconf 85' lang='lat' dir='ltr'><strong>altis</strong></span> <span class='ocrx_word' id='word_1_172' title='bbox 552 2087 778 2138; x_wconf 87' lang='lat' dir='ltr'><strong>plerumque</strong></span> <span class='ocrx_word' id='word_1_173' title='bbox 793 2086 987 2124; x_wconf 80' lang='lat' dir='ltr'><strong>montibus</strong></span> <span class='ocrx_word' id='word_1_174' title='bbox 1006 2084 1164 2133; x_wconf 82' lang='lat' dir='ltr'><strong>crescit,</strong></span> 
     </span>
     <span class='ocr_line' id='line_1_29' title="bbox 111 2148 1163 2204; baseline -0.004 -14"><span class='ocrx_word' id='word_1_175' title='bbox 111 2152 263 2204; x_wconf 84' lang='lat' dir='ltr'><strong>saepius</strong></span> <span class='ocrx_word' id='word_1_176' title='bbox 280 2151 406 2190; x_wconf 86' lang='lat' dir='ltr'><strong>ventis</strong></span> <span class='ocrx_word' id='word_1_177' title='bbox 424 2152 594 2190; x_wconf 84' lang='lat' dir='ltr'><strong>obnoxia</strong></span> <span class='ocrx_word' id='word_1_178' title='bbox 612 2159 685 2198; x_wconf 88' lang='lat' dir='ltr'><strong>est,</strong></span> <span class='ocrx_word' id='word_1_179' title='bbox 705 2163 820 2203; x_wconf 86' lang='lat' dir='ltr'><strong>quam</strong></span> <span class='ocrx_word' id='word_1_180' title='bbox 834 2151 991 2188; x_wconf 83' lang='lat' dir='ltr'><strong>arbores</strong></span> <span class='ocrx_word' id='word_1_181' title='bbox 1009 2148 1163 2186; x_wconf 90' lang='lat' dir='ltr'><strong>humili·</strong></span> 
     </span>
     <span class='ocr_line' id='line_1_30' title="bbox 111 2212 1165 2264; baseline -0.002 -11"><span class='ocrx_word' id='word_1_182' title='bbox 111 2227 214 2264; x_wconf 77' lang='lat' dir='ltr'><strong>oreS,</strong></span> <span class='ocrx_word' id='word_1_183' title='bbox 233 2215 407 2264; x_wconf 86' lang='lat' dir='ltr'><strong>frutices,</strong></span> <span class='ocrx_word' id='word_1_184' title='bbox 425 2216 646 2264; x_wconf 81' lang='lat' dir='ltr'><strong>arundines,</strong></span> <span class='ocrx_word' id='word_1_185' title='bbox 671 2218 743 2254; x_wconf 77' lang='grc' dir='ltr'><strong>διο.</strong></span> <span class='ocrx_word' id='word_1_186' title='bbox 769 2214 825 2253; x_wconf 82' lang='lat' dir='ltr'><strong>ita</strong></span> <span class='ocrx_word' id='word_1_187' title='bbox 842 2214 1037 2253; x_wconf 85' lang='lat' dir='ltr'><strong>Fortunae</strong></span> <span class='ocrx_word' id='word_1_188' title='bbox 1065 2212 1165 2264; x_wconf 87' lang='lat' dir='ltr'><strong>inju-</strong></span> 
     </span>
    </p>
   </div>
  </div>
 </body>
</html>
