1370 2574
380 265 692 317 CARMINUM
742 261 798 302 11.
1078 255 1131 293 69

287 389 376 429 Nec
392 380 607 424 Laconicas
623 375 719 415 mihi

188 455 365 497 Trahunt
381 451 568 488 honestae
586 450 773 495 purpuras
791 435 967 475 clientae.

292 519 349 557 At
366 515 475 560 fides,
503 518 544 549 et
562 505 694 559 ingeni

190 582 367 634 Benigne
384 589 483 616 vena
499 581 580 617 est;
607 575 894 623 pauperemque
913 561 1019 601 dives

294 646 364 684 Me
383 642 493 695 petit.
521 637 629 676 Nihil
648 645 764 684 supra

192 713 302 753 Deos
317 710 480 752 lacesso,
507 715 580 741 nec
599 705 799 752 potentem
816 692 983 732 amicum

296 772 485 824 Largiora
501 766 649 818 flagito,

161 843 165 845 ’
198 840 299 881 Satis
315 839 452 877 beatus
470 831 593 872 unicis
621 824 782 867 Sabinis.

301 900 487 941 Truditur
505 896 586 934 dies
605 893 682 939 die,

199 970 412 1018 Novaeque
432 966 601 1015 pergunt
618 954 778 994 interire
794 950 953 989 Lunae:

305 1031 368 1069 Tu
386 1026 552 1067 secanda
568 1030 759 1060 marmora

202 1099 330 1138 Locus
347 1094 418 1133 sub
436 1092 560 1142 ipsum
577 1086 706 1130 funus,
734 1088 787 1127 et,
806 1075 973 1129 sepulcri

307 1160 529 1199 Immemor,
556 1149 670 1189 struis
689 1146 847 1187 dom0s3

169 1255 173 1260 -
207 1226 408 1276 Marisque
427 1218 530 1258 Baiis
549 1209 805 1264 obstrepentis
823 1217 965 1258 urgues

313 1289 550 1327 Submovere
567 1280 710 1322 littora,

211 1357 355 1396 Parum
371 1348 545 1400 locuples
564 1341 787 1382 continente
805 1336 899 1386 ripa.

314 1415 433 1461 Quid,
461 1410 565 1463 quod
582 1417 704 1458 usque
721 1400 917 1455 proximos

215 1481 384 1525 Revellis
401 1476 484 1529 agri
501 1472 699 1516 terminos,
726 1474 768 1506 et
785 1466 886 1503 ultra

317 1543 480 1584 Limites
498 1536 698 1578 clientium

220 1612 316 1652 Salis
342 1605 502 1647 avarus?
531 1600 701 1654 pellitur,
719 1601 899 1647 paternos

321 1673 369 1711 In
387 1671 473 1710 sinu
489 1668 618 1705 ferens
637 1663 743 1706 deos,

222 1740 276 1779 Et
293 1749 406 1782 uxor,
434 1739 474 1771 et
490 1730 563 1776 vir,
589 1718 993 1774 sordidosque‘natos?

326 1800 445 1839 Nulla
462 1794 604 1835 certior
619 1799 749 1830 tamen

226 1864 395 1919 Rapacis
413 1860 507 1900 Orci
524 1858 600 1896 fine
618 1854 809 1893 destinata

331 1927 434 1967 Aula
451 1923 608 1962 divitem
625 1923 756 1957 manet

230 1996 394 2035 Herum.
421 1988 525 2032 Quid
543 1986 644 2024 ultra
660 1979 811 2021 tendis?
841 1989 964 2030 aequa
980 1974 1094 2014 tellus

333 2053 499 2107 Pauperi
516 2049 742 2093 recluditur,
1003 2040 1005 2043 ⁴

236 2123 465 2173 Regumque
483 2116 634 2169 pueris:
662 2125 735 2151 nec
753 2108 905 2148 satelles
924 2103 1018 2144 Orci

338 2184 527 2224 Callidum
544 2177 777 2218 Promethea

238 2249 406 2292 Revexit
423 2259 516 2288 auro
534 2250 682 2296 captus.
709 2239 788 2280 Hic
805 2235 1011 2288 superbum
