1370 2574
164 285 215 322 94
472 281 503 319 C
508 273 785 320 ARMINUM
837 278 914 320 ΠΙ.

264 394 387 439 Quae,
405 392 511 431 velut
528 391 614 430 latis
633 404 734 443 equa
750 391 865 430 trima
882 391 1041 444 campis,

262 458 384 496 Ludit
401 457 596 503 exsultim,
615 456 830 508 metuitque
848 456 969 508 tangi,

263 522 497 574 Nuptiarum
516 535 670 573 expers,
689 528 729 559 et
747 521 874 560 adhuc
891 527 1072 573 protervo

467 587 600 626 Cruda
614 587 766 625 marito.

212 731 247 763 >e
266 720 328 757 Tu
345 725 456 770 potes
474 718 594 768 tigres
613 717 851 768 comitesque
868 716 980 756 silvas

263 784 437 829 Ducere,
456 790 496 820 et
513 782 614 819 rivos
632 782 777 820 celeres
794 781 947 820 morari.

264 848 390 886 Cessit
408 845 581 885 immanis
599 845 668 883 tibi
684 844 898 884 blandienti

468 911 622 949 ,Ianitor
638 910 764 956 aulae,

267 1042 484 1085 Cerberus;
512 1040 684 1093 quamvis
700 1040 839 1078 furiale
858 1047 1016 1080 centum

265 1106 449 1143 Muniant
467 1118 613 1156 angues
631 1112 749 1157 caput
766 1106 865 1156 ejuS‚
891 1111 1008 1157 atque

270 1170 435 1221 Spiritus
452 1177 567 1216 teter,
596 1170 797 1221 saniesque
816 1175 949 1208 manet

474 1234 553 1271 Ore
571 1233 758 1285 trilingui.

267 1365 370 1408 Quin
385 1372 425 1402 et
443 1365 571 1410 Ixion,
600 1365 813 1415 Tityosque
829 1365 941 1403 vultu

269 1429 369 1466 Risit
389 1428 536 1465 invito:
564 1429 672 1466 stetit
691 1441 788 1466 urna
804 1429 976 1479 paullum

268 1493 393 1540 Sicca,
422 1493 513 1530 dum
532 1499 643 1543 grato
662 1492 791 1529 Dana'i
807 1492 955 1543 puellas

474 1557 653 1595 Carmine
671 1556 830 1595 mulces.
852 1578 886 1611 ²(

270 1688 417 1727 Audiat
434 1688 546 1740 Lyde
564 1687 690 1725 scelus
708 1694 824 1739 atque
842 1694 952 1726 notas

268 1753 472 1804 Virginum
489 1765 646 1803 poenas,
674 1758 715 1789 et
733 1751 847 1790 inane
864 1750 1045 1803 lymphae

269 1814 429 1856 Dolium
446 1817 568 1854 fundo
585 1816 784 1867 pereuntis
801 1816 894 1863 imo,

474 1881 644 1931 Seraque
661 1879 755 1927 fata,

271 2013 382 2055 Quae
399 2019 556 2048 manent
574 2011 706 2062 culpas
724 2009 840 2047 etiam
851 2009 921 2046 sub
941 2008 1058 2047 Orco.

269 2075 429 2126 Impiae,
454 2074 563 2126 (nam
582 2074 675 2124 quid
691 2080 853 2124 potuere
870 2074 992 2124 majus
1005 2073 1046 2124 ἓ)

272 2138 417 2191 Impiae
435 2150 594 2189 sponsos
612 2144 774 2188 potuere
792 2137 889 2176 duro

477 2202 645 2240 Perdere
661 2201 776 2240 ferro.
