1370 2574
461 308 690 350 EPODON
740 307 793 346 vi.
1089 306 1170 344 159

528 523 644 563 ODE
696 521 768 559 vl.

232 647 347 691 Qum
364 644 612 683 immerentes
628 640 799 692 hospites
815 650 949 684 vexas,
966 637 1085 685 mnis,

336 710 504 761 Ignavus
520 706 723 743 adversum
742 704 882 754 lupos?

233 773 338 818 Quin
354 773 433 810 huc
450 769 597 814 inanes,
615 768 648 806 si
665 774 789 819 potes,
807 766 924 805 vertis
941 766 1078 815 minas,

338 836 393 875 Et
407 847 471 874 me
488 844 747 872 remorsurum
764 831 894 883 petis?

233 902 351 948 Nam,
370 899 493 952 qualis
506 903 574 936 aut
585 895 793 942 Molossus,
811 902 880 934 aut
895 886 1022 935 fulvus
1033 896 1180 945 Lacon,

194 1001 198 1006 .
340 963 482 1002 Amica
497 962 554 1000 vis
570 960 800 1013 pastoribus,

236 1031 366 1082 Agam
383 1040 454 1079 per
472 1027 570 1065 altas
588 1038 680 1064 aure
698 1025 851 1063 sublata
866 1024 988 1072 nives,

342 1093 611 1142 Quaecunque
629 1089 839 1141 praecedet
855 1088 951 1126 fera.

238 1158 317 1205 Tu,
335 1169 425 1196 cum
444 1154 616 1193 timenda
633 1164 730 1191 voce
748 1152 949 1203 complesti
966 1165 1115 1201 nemus,

343 1220 567 1272 Projectum
586 1216 757 1256 odoraris
775 1216 917 1254 cibum.

241 1287 361 1332 Cave,
388 1296 483 1323 cave
494 1297 506 1320 ι
532 1294 699 1333 namque
717 1281 757 1318 in
774 1280 895 1318 malos
911 1281 1140 1332 asperrimus

346 1349 486 1387 Parata
502 1346 596 1385 tollo
614 1358 785 1389 cornua;

243 1414 379 1459 Qualis
394 1412 619 1465 Lycambae
636 1417 789 1462 spretus
806 1409 925 1448 infido
941 1423 1076 1462 gener,

347 1479 432 1516 Aut
449 1489 540 1515 acer
556 1474 678 1514 hostis
696 1474 858 1526 Bupalo.

246 1545 326 1592 An,
352 1542 385 1581 si
403 1541 490 1594 quis
505 1547 591 1579 atro
608 1539 726 1577 dente
742 1551 806 1577 me
822 1538 1016 1591 petiverit,

345 1605 497 1647 Inultus
514 1611 559 1642 ut
575 1604 679 1642 flebo
695 1615 793 1654 puer
806 1603 830 1655 ,³-
871 1644 874 1646 ,

504 1851 509 1853 .
545 1811 662 1850 ODE
712 1810 803 1848 VII.

396 1942 457 1969 An
483 1941 685 1969 Portam(
714 1939 946 1968 nouAmnff.

252 2037 361 2083 Qun,
379 2049 457 2088 quo
474 2035 628 2074 scelesti
646 2034 779 2073 ruitis?
808 2042 876 2073 aut
892 2047 964 2074 cur
981 2035 1151 2075 dexteris

359 2101 557 2151 Aptantur
574 2112 687 2138 enses
705 2099 877 2138 conditi?

253 2164 448 2204 Parumne
465 2165 609 2216 campis
625 2171 743 2216 atque
762 2164 948 2215 Neptuno
964 2178 1079 2216 super

359 2228 502 2268 Fusum
518 2235 579 2268 est
594 2227 726 2269 Latini
742 2229 967 2280 sanguinis?
