1370 2574
173 305 254 344 160
513 302 742 343 EPODON
793 305 872 345 viii.

273 413 363 453 Non
382 421 426 453 ut
444 416 628 467 superbas
646 416 799 455 invidae
819 416 1063 469 Carthaginis

375 479 574 518 Romanus
593 493 702 519 arces
722 489 875 527 ureret;

266 545 443 583 Intactus
462 552 529 583 aut
548 545 756 585 Britannus
775 553 819 585 ut
837 547 1093 587 descenderet

375 609 493 648 Sacra
512 617 715 649 catenatus
733 612 816 650 via:

269 671 347 711 Sed
366 681 423 721 ut,
442 675 657 713 secundum
675 683 765 715 vota
783 675 1029 724 Parthorum,
1047 689 1117 718 sua

372 738 476 777 Urbs
494 738 592 777 haec
609 739 755 790 periret
773 742 949 779 dextera.

267 802 407 854 Neque
427 803 490 841 hic
509 803 608 854 lupis
626 816 708 842 mos
727 816 800 842 nec
818 803 894 842 fuit
912 804 1103 856 leonibus,

371 867 595 919 Nunquam,
623 867 695 904 nisi
715 867 752 905 in
773 868 915 920 dispar,
932 861 1038 910 feris.

262 932 436 970 Furorne
456 945 609 979 caecus,
628 946 677 971 an
696 934 796 985 rapit
813 934 870 972 vis
887 935 1044 975 acrior?

368 998 432 1034 An
453 997 594 1048 culpa?
625 1011 848 1050 responsum
868 999 972 1039 date.

263 1061 435 1099 Tacent:
464 1069 504 1099 et
522 1074 590 1100 ora
606 1063 728 1114 pallor
746 1063 855 1102 albus
873 1063 1011 1113 inficit,

366 1125 603 1179 Mentesque
620 1128 823 1179 perculsae
841 1135 1013 1181 stupent.

262 1190 326 1229 Sic
345 1198 428 1229 est:
457 1192 598 1230 acerba
614 1192 694 1231 fata
713 1193 909 1232 Romanos
925 1200 1062 1246 agunt,

365 1256 577 1308 Scelusque
596 1257 790 1296 fraternae
808 1258 941 1304 necis3

260 1322 316 1361 Ut
335 1322 571 1360 immerentis
590 1322 706 1361 fluxit
724 1323 764 1361 in
782 1330 926 1364 terram
944 1324 1059 1364 Remi

365 1386 484 1425 Sacer
501 1387 707 1439 nepotibus
726 1401 852 1428 cruor.
907 1407 912 1412 ·

539 1603 654 1642 ODE
707 1604 820 1643 VIII.

410 1745 457 1770 IN
485 1745 611 1772 ANUM
639 1745 942 1774 LIBIDINOSAM.

255 1840 438 1877 Roman
455 1839 573 1890 longo
590 1839 765 1890 putidam
782 1847 824 1878 te
838 1840 1011 1889 saeculo,

357 1904 470 1942 Vires
489 1904 581 1956 quid
599 1912 759 1943 enerve-t
776 1907 909 1945 meas?

254 1969 351 2007 Cum
370 1969 419 2006 sit
437 1969 506 2007 tibi
525 1969 620 2007 dens
638 1977 735 2016 ater,
755 1977 795 2008 et
813 1970 918 2020 rugis
935 1976 1047 2010 vetus

357 2033 539 2072 Frontem
557 2041 739 2073 senectus
756 2042 914 2079 exaret3

254 2097 427 2148 Hietque
445 2098 567 2148 turpis
586 2097 686 2136 inter
703 2097 827 2136 aridas
846 2104 957 2137 nates

357 2161 507 2210 Podex,
532 2162 640 2201 velut
658 2162 800 2201 crudae
817 2163 940 2202 bovis.

256 2227 332 2265 Sed
351 2227 485 2267 incitat
502 2240 564 2267 me
581 2235 732 2279 pectus,
759 2236 800 2269 et
822 2241 1011 2271 mammae
1027 2236 1175 2285 putres,
