1370 2574
155 264 228 303 126

491 265 804 306 CARMINUM
855 268 929 307 Νι

363 374 491 413 Curru
510 375 628 413 ducet
647 377 826 415 Achaico

258 437 459 477 Victorem
475 456 485 484 ς
504 452 632 491 neque
652 452 714 478 res
733 441 874 479 bellica
892 440 1018 480 Deliis

362 504 554 542 Ornatum
572 503 674 542 foliis
694 505 848 552 ducem,

258 568 374 610 Quod
393 582 527 619 regum
547 569 713 607 tumidas
733 570 954 609 contuderit
971 570 1108 619 minas,

367 633 560 671 Ostendet
581 634 795 685 Capitolio:

262 697 340 735 Sed
360 711 459 748 quae
479 698 601 736 Tibur
619 712 743 750 aquae
761 699 888 738 fertile
906 700 1142 752 praefluunt,

362 763 414 800 Et
432 763 575 814 spissae
595 777 797 802 nemorum
811 777 945 803 comae

258 827 426 878 Fingent
444 828 585 865 Aeolio
604 828 774 866 carmine
792 828 975 867 nobilem.

362 891 525 938 Romae,
545 891 730 943 principis
749 892 917 940 urbium,

257 955 454 1007 Dignatur
473 957 626 994 suboles
645 957 747 994 inter
765 956 948 995 amabiles

358 1019 502 1058 Vatum
520 1032 665 1070 ponere
683 1032 746 1057 me
766 1020 929 1058 choros:

256 1085 308 1124 Et
321 1087 401 1136 jam
419 1085 538 1123 dente
556 1085 682 1122 minus
700 1085 879 1123 mordeor
897 1085 1040 1125 invido.

361 1150 412 1197 Ο,
430 1149 635 1188 testudinis
652 1162 792 1188 aureae

257 1215 425 1253 Dulcem
445 1227 544 1266 quae
563 1214 780 1265 strepitum,
801 1214 918 1262 Pieri,
938 1220 1155 1268 temperas!

362 1279 412 1326 O,
431 1279 547 1316 mutiS
561 1292 714 1330 quoque
732 1279 902 1330 piscibus

255 1345 458 1382 Donatura
477 1344 604 1395 cycni,
624 1344 655 1381 si
675 1345 807 1391 libeat,
826 1347 987 1384 sonum!

359 1409 500 1446 Totum
519 1408 688 1445 muneris
706 1409 781 1446 hoc
799 1409 856 1446 tui
875 1416 948 1454 est,

256 1475 371 1517 Quod
389 1481 580 1512 monstror
595 1472 717 1523 digito
735 1473 1068 1523 praetereuntium

359 1538 557 1575 Romanae
574 1536 717 1574 fidicen
736 1537 866 1588 lyrae:

256 1603 371 1646 Quod
389 1602 505 1654 spiro,
525 1608 565 1640 et
582 1601 733 1653 placeo,
752 1601 784 1639 si
801 1601 953 1654 placeo,
972 1609 1083 1642 tuum
1100 1609 1172 1643 est.

562 1810 677 1849 om:
722 1789 800 1847 1v.'

513 1926 641 1954 DRUSI
670 1926 852 1953 LAUDES-

253 2008 441 2048 QUALEM
460 2005 676 2043 ministrum
693 2005 863 2043 fulminis
880 2003 1011 2043 alitem

259 2070 354 2122 (Cui
372 2083 442 2107 rex
461 2070 621 2107 deorum
639 2083 803 2120 regnum
817 2069 857 2107 in
875 2082 964 2108 aves
982 2078 1098 2123 vagas

305 2134 497 2180 Permisit,
516 2142 700 2186 expertus
717 2134 885 2182 fidelem,

355 2199 523 2252 Jupiter,
542 2199 581 2238 in
600 2199 829 2252 Ganymede
846 2199 970 2252 flavo)
