1430 2644
237 318 262 344 x
589 304 918 348 PRAEFATIO.

231 422 527 473 adspirationem
545 423 627 461 fere
646 424 803 474 respuit.
861 423 1010 462 Eadem
1039 425 1154 465 etiam
1171 426 1272 467 ratio

229 485 339 523 letum
358 487 540 536 postulat,
567 500 645 525 non
663 486 811 534 lethum,
830 489 902 526 etsi
920 502 944 527 a
959 495 1044 532 ληθυ
1062 489 1271 530 deductum

229 549 415 587 videatur.
470 550 698 588 Vocativum
718 551 755 588 in
775 552 791 589 i
807 553 1047 604 propriorum
1066 554 1105 591 in
1127 554 1185 592 ius
1202 554 1273 592 de-

225 612 449 661 sinentium,
463 614 659 665 juniorum
685 615 726 653 in
753 616 928 666 gratiam,
954 618 1065 670 apice
1094 617 1272 656 distinxi-

223 690 324 725 mus,
344 686 386 715 ut
400 678 489 719 inde
501 679 650 718 facilius
663 680 851 718 rationem
864 681 1085 732 perspicere
1098 688 1271 733 possent,

224 742 316 792 quai,
343 742 382 779 in
401 737 587 793 ejusmodi
603 744 776 790 vocibus,
801 744 1052 796 icorreptum
1065 744 1269 783 nominati-

223 805 261 845 vi
279 807 428 853 transit,
454 807 617 845 vocandi
636 820 740 853 casu,
768 807 807 845 in
825 807 842 845 i
865 807 1039 859 longum.

274 869 360 908 Etsi
378 884 454 909 non
481 883 635 923 parvam
666 871 910 909 adhibuimus
941 871 1196 923 diligentiam,
1222 880 1266 912 ut

219 933 321 973 haec
338 935 457 972 editio
471 935 779 973 emendatissima
791 935 977 986 prodiret,
995 935 1120 974 nullos
1138 942 1270 974 tamen

218 999 378 1037 omnino
393 1013 541 1038 errores
553 999 851 1051 typographicos
865 1013 935 1037 nos
947 999 1138 1051 effugisse,
1151 1013 1267 1051 spon-

218 1062 313 1100 dere
331 1075 409 1102 non
426 1063 624 1102 audemus.
677 1063 787 1101 Vana
802 1063 932 1101 forsan
950 1076 997 1101 ea
1013 1076 1101 1114 spes
1119 1062 1266 1101 videbi-

219 1133 285 1164 tur
297 1128 578 1178 reputantibus‚
597 1127 662 1179 qui
680 1127 906 1173 acciderint,
925 1127 1137 1165 editoribus
1147 1125 1267 1165 etiam

217 1190 532 1242 diligentissimis,
561 1193 601 1229 in
633 1205 675 1230 re
702 1199 780 1230 tam
806 1191 955 1229 lubrica
980 1191 1121 1242 lapsus.
1173 1189 1267 1229 Hoc

216 1262 368 1293 tantum
386 1255 670 1302 confirmamus,
689 1255 783 1292 nihil
797 1254 1032 1306 hujusmodi,
1051 1255 1162 1305 cujus
1180 1253 1265 1306 qui·

214 1318 307 1358 dem
323 1318 470 1358 conscii
487 1332 633 1365 sumus,
660 1318 946 1357 inemendatum
964 1318 1178 1370 reliquisse.

267 1381 349 1421 Hic
367 1382 444 1421 loci
461 1391 591 1421 autem
609 1383 762 1422 silentio
790 1383 1072 1434 praetereunda
1099 1395 1179 1420 non
1205 1390 1267 1422 est

216 1446 353 1494 amica,
373 1460 449 1498 qua
466 1448 523 1485 usi
541 1461 686 1494 sumus,
715 1460 833 1499 opera
858 1446 929 1484 viri
946 1446 1058 1485 nobis
1075 1447 1263 1496 conjunc-

208 1511 366 1558 «tissimi,
383 1518 424 1549 et
441 1512 480 1548 in
499 1512 606 1550 hisce
624 1513 759 1551 studiis
777 1510 940 1549 multum
958 1510 1112 1557 versati,
1130 1521 1263 1549 ,ποωε-

218 1590 285 1615 ms
315 1590 531 1624 'taor-ru,
560 1589 675 1614 mxc.
705 1587 834 1613 unnu-
864 1589 905 1613 ιη
927 1586 1160 1613 ACADEMIA
1188 1587 1267 1614 Au-

214 1654 557 1680 muzAPoLn-ANA
577 1653 698 1679 paor.
724 1641 804 1691 qui,
831 1648 875 1679 ut
892 1640 990 1678 haec
1007 1638 1126 1678 editio
1149 1652 1266 1690 quam

212 1706 522 1746 emendatissima·
538 1697 723 1759 prodiret,
742 1716 1049 1755 numquamque
1064 1703 1260 1755 plagulam

214 1771 455 1820 recognovit,
495 1777 535 1809 et
564 1769 763 1821 complura
790 1781 869 1807 non
900 1767 1042 1805 nullius
1073 1765 1260 1804 momenti

210 1833 445 1873 submonuit.

264 1895 375 1943 Vale,
401 1897 548 1936 Lector
565 1898 686 1937 amice
701 1900 710 1936 Ξ
737 1898 930 1936 laboribus
944 1894 1085 1935 nostris
1102 1893 1230 1933 fruere
1246 1908 1256 1935 3

212 1960 315 2016 ipsos
333 1970 503 2004 errantes
521 1963 560 2000 in
579 1962 676 2002 viam
695 1961 887 2001 reducito.
