1370 2574
400 297 710 339 CARMINUM
762 297 836 335 111.
1089 298 1140 335 95

199 409 290 451 Una
306 408 357 447 de
373 409 518 455 multis,
543 408 629 446 face
648 406 810 459 nuptiali

200 473 349 525 Digna,
375 474 572 524 perjurum
588 471 662 510 fuit
680 472 719 509 in
737 477 936 522 parentem

203 537 413 590 Splendide
430 536 612 582 mendax,
640 542 681 573 et
699 534 738 572 in
756 546 870 573 omne
887 533 996 584 virgo

406 600 558 638 Nobilis
574 612 734 638 aevum:

203 731 343 783 Surge,
371 741 471 782 quae
488 729 589 766 dixit
602 728 735 779 juveni
752 728 905 774 marito,

202 795 342 846 Surge,
369 806 419 831 ne
435 793 574 844 longus
592 793 663 831 tibi
680 805 850 839 somnus,
877 790 981 830 unde

202 857 295 898 Non
311 858 438 905 times,
466 858 606 902 detur;
631 870 823 904 socerum,
850 863 891 894 et
908 856 1104 902 scelesta&

407 923 513 961 Faue
531 935 695 969 sorores,

207 1055 335 1100 Quae,
360 1053 467 1091 velut
483 1059 620 1091 nactae
637 1051 778 1089 vitulos
794 1052 967 1098 leaenae,

207 1116 403 1168 Singulos,
430 1117 554 1156 eheu!
581 1116 779 1154 lacerant:
806 1129 894 1167 ego,
920 1115 994 1152 illis

203 1180 376 1228 Mollior,
404 1193 478 1219 nec
496 1187 536 1218 te
554 1179 703 1226 feriam,
730 1192 857 1231 neque
875 1179 977 1216 intra

415 1244 593 1282 Claustra
609 1244 765 1282 tenebo.

207 1373 279 1412 Me
295 1381 407 1426 pater
425 1374 547 1412 saevis
566 1362 703 1411 oneret
722 1372 882 1419 catenis,
935 1413 941 1417 K

208 1438 325 1481 Quod
341 1439 424 1476 viro
443 1439 613 1477 clemens
630 1438 771 1476 misero
788 1437 972 1488 peperci;

204 1502 277 1541 Me
294 1503 356 1541 vel
374 1510 573 1541 extremos
592 1501 851 1540 Numidarum
864 1501 906 1538 in
922 1515 1038 1553 agros

413 1566 545 1604 Classe
562 1565 725 1616 releget.

208 1695 245 1743 Ι,
269 1696 390 1748 pedes
407 1708 485 1747 quo
502 1701 543 1732 te
560 1694 715 1746 rapiunt
732 1701 774 1732 et
785 1704 916 1741 aurae,

210 1759 319 1798 Dum
334 1759 439 1797 favet
455 1771 549 1804 nox,
567 1764 608 1795 et
626 1757 784 1795 Venus:
812 1759 825 1795 i
841 1758 1015 1796 seeundo

211 1822 353 1864 Omine
367 1839 379 1870 ;
404 1830 446 1861 et
462 1822 585 1860 nostri
602 1835 813 1860 memorem
829 1822 1010 1874 sepulcro

415 1886 555 1937 Scalpe
572 1885 781 1937 querelam.

516 2085 767 2098 ἡ

515 2100 767 2110 *ιι-
