1370 2574
176 290 254 329 216
580 286 850 328 NOTULAE

437 377 485 404 m
511 377 598 406 mn.
626 379 693 405 111.
721 379 974 408 camanum.

226 463 375 502 XXIV.
401 467 440 503 4.
485 463 562 503 Pro
583 464 793 518 Apulicum,
813 478 913 517 quae
929 478 1023 505 vera
1039 466 1159 508 lectio
1172 470 1232 508 via

172 529 300 576 detur,
333 528 445 568 multi
474 528 595 568 MSS.
626 529 774 569 habent
789 530 1001 570 Ponticum
1014 547 1033 577 ‚·
1071 532 1231 585 quidm

163 593 366 648 publicum.

221 662 258 698 5.
299 658 347 696 In
365 658 442 697 hoc
458 659 561 706 loco,
581 658 646 710 qui
661 672 778 698 manu
789 660 1055 700 emendatrice
1067 660 1228 702 minime

169 731 275 775 eget,
302 724 399 762 mire
419 736 460 762 se
479 731 635 776 torquet
661 724 904 763 acutissimus
923 724 1053 764 Bentl.
1083 725 1164 766 Pro
1178 727 1229 774 si,

167 788 264 840 legit
281 788 346 835 sic,
374 788 474 827 male
493 788 675 832 omnino;
701 795 743 826 et
759 789 911 828 summis
921 789 1118 830 verticibus
1135 790 1228 830 ridi-

167 853 257 891 cule
272 853 549 904 interpretatur
561 853 613 891 ad
621 852 789 899 vertices,
804 853 884 891 sive
900 853 1042 905 capita,
1057 853 1227 906 ipsorum

165 916 375 955 clavorum.

214 985 279 1021 24.
320 981 398 1020 Pro
416 987 471 1020 est
487 981 596 1028 mori,
615 981 784 1033 optimus
803 995 856 1021 ex
874 981 1081 1023 Pulmanni
1099 983 1225 1024 MSS.

162 1048 282 1086 habet
301 1046 432 1093 emori,
452 1046 515 1084 cui
533 1046 690 1084 accedit
708 1059 807 1085 unus
826 1046 976 1086 Bersm.
994 1055 1036 1087 et
1054 1061 1155 1088 unus
1171 1061 1224 1089 ex

162 1113 400 1152 Bentleianis
415 1127 424 1150 :
453 1119 492 1151 et
512 1112 566 1150 ita
585 1111 674 1150 edd.
706 1111 823 1150 Baxt.
842 1111 965 1151 Gesn.
997 1113 1098 1152 Cun.
1129 1114 1223 1154 San,

160 1185 218 1224 ut,
236 1177 401 1224 scilicet,
420 1176 461 1215 id
480 1176 584 1228 quod
601 1188 767 1228 peccare
799 1183 861 1215 est
876 1176 999 1225 nefas,
1028 1185 1098 1217 aut
1128 1191 1222 1230 peo-

159 1243 274 1281 candi
292 1242 460 1294 pretium
474 1241 680 1280 mors—sit
690 1254 761 1293 pro
773 1248 885 1293 pmte
898 1241 1104 1281 mulierum
1120 1241 1221 1295 Scy-

158 1308 350 1347 thicarum
370 1307 484 1345 dotis.

208 1375 271 1412 32.
299 1371 506 1410 Invidi—i.
517 1384 554 1410 e.
573 1376 600 1396 “
619 1370 708 1411 ideo
726 1371 962 1411 incolumem
975 1371 1213 1412 virtutemn-

157 1443 184 1463 “
212 1438 352 1483 dimus,
393 1437 482 1475 ideo
514 1436 706 1475 sublatam
737 1436 896 1475 demum
934 1435 1219 1485 desideramus,

156 1509 183 1529 ‘⁸
212 1503 303 1555 quia
321 1501 516 1554 praesenti
535 1500 795 1539 invidemus.”
848 1501 972 1540 JAM.

200 1572 264 1608 44.
307 1568 384 1606 Pro
402 1566 553 1613 deserit,
580 1566 753 1605 omnium
772 1565 888 1605 codd.
905 1566 1091 1616 lectione,
1109 1567 1208 1620 legit

152 1635 281 1674 Bentl.
299 1634 479 1679 deserere,
499 1638 543 1670 ut
561 1632 696 1670 sensus
714 1630 858 1670 sit—id
875 1631 983 1683 quod
1004 1633 1214 1684 pauperie·

150 1713 334 1752 magnum
354 1698 605 1751 opprobrium
619 1696 799 1743 habetur,
812 1697 928 1747 jubet
941 1697 1119 1736 homines
1136 1697 1212 1736 vir·

149 1766 245 1804 tutis
262 1765 362 1803 viam
382 1765 574 1802 deserere.
692 1772 694 1774 ·

198 1834 263 1870 54.
305 1829 382 1868 Pro
395 1828 645 1880 formandae,
690 1828 792 1878 conj.
825 1826 956 1866 Bentl.
971 1828 1209 1880 firmandae,

149 1895 254 1947 quod
273 1894 400 1945 aptius
417 1893 654 1945 respondere
672 1899 785 1944 putat
802 1892 964 1931 vocibus
982 1892 1092 1931 nimis
1108 1899 1209 1932 tene-

147 1973 213 1997 rae
231 1967 271 1997 et
289 1957 551 2010 asperioribus,
569 1957 770 2008 ingeniose
786 1970 797 1995 :
824 1957 893 1996 sed
906 1957 1008 1996 bene
1026 1969 1070 1996 se
1087 1957 1208 1997 habet

146 2025 305 2076 vulgata
324 2023 496 2061 omnium
517 2022 633 2060 codd.
651 2022 782 2060 lectio.

196 2089 322 2127 XXV.
350 2091 388 2127 6.
441 2087 519 2124 Pro
536 2085 705 2132 concilio,
735 2087 850 2125 codd.
877 2086 1006 2139 plures
1024 2095 1066 2127 et
1095 2089 1206 2128 meli-

145 2167 231 2192 ores
250 2162 290 2191 et
309 2152 396 2192 edd.
414 2158 590 2190 vetustae
620 2151 767 2189 habent
785 2151 953 2198 consilio,
971 2165 1087 2204 quam
1105 2152 1203 2204 pris-

144 2233 227 2257 cam
246 2218 454 2256 lectionem
475 2216 513 2254 in
529 2223 758 2254 contextum
779 2217 1057 2256 revocavimus.
1121 2217 1204 2256 Res

142 2293 198 2322 est
218 2283 426 2322 admodum
445 2281 718 2328 memorabilis,
746 2295 861 2333 quam
894 2282 1104 2331 Baxterus,
1135 2295 1196 2321 re-
