1370 2574
513 279 782 320 NOTULAE
1095 283 1169 320 221

390 368 438 397 m
465 368 550 397 un.
579 369 638 396 iv,
666 368 919 396 mmmmm.

124 456 241 511 pauci
252 456 409 509 quidam
421 455 535 495 codd.
558 455 658 493 Cum
672 454 851 492 Bentleio
862 453 1039 492 dedimus
1052 453 1176 492 Rhae—

123 522 189 569 αἱς,
220 524 265 560 ut
281 528 367 559 erat
385 521 429 558 in⁴
449 519 538 558 cod.
558 518 845 571 Rottendorph.
871 525 912 556 et
929 518 969 556 in
1001 531 1079 557 uno
1098 519 1177 557 eu-

127 585 264 638 ningh.

178 648 250 687 lv.
268 651 332 688 24.
368 648 446 688 Pro
463 648 635 694 revictae,
655 646 768 686 codd.
787 646 962 685 nonnulli
979 659 1179 699 repressae.

179 710 244 753 29.
276 714 409 752 Fortes
425 718 602 751 creantur
601 710 775 763 sortibus
792 717 828 749 et
847 711 950 749 bonis
966 727 981 748 :
1009 710 1034 749 i.
1052 723 1088 748 e.
1105 724 1179 748 non

127 777 332 830 nidfines
349 784 530 816 creantur
548 777 712 814 fortibus
730 783 772 814 et
789 776 916 822 bonis,
943 775 1024 814 sive
1040 786 1179 826 paren—

126 831 214 881 tum
229 840 350 880 vii-tus
367 841 418 881 ad
443 841 593 893 prolem
611 853 747 878 eorum
779 839 994 879 descendit.
1047 840 1181 877 Acute

127 907 251 946 multa
267 906 318 944 ad
335 906 441 945 hunc
456 907 583 945 locum
597 905 797 944 annotavit
810 904 1012 944 Bentleius
1027 920 1038 949 ς
1063 915 1182 955 quae-

129 971 218 1009 dam
237 971 355 1009 etium
373 970 549 1017 confuse,
577 971 668 1009 dum
687 970 805 1008 tradit
833 970 1039 1008 aliudesse
1050 970 1182 1020 fimes

125 1041 306 1073 creantur
322 1042 547 1083 ron-runs,
577 1034 683 1073 aliud
684 1036 815 1085 fortes
832 1040 1009 1073 creantur
1031 1045 1062 1070 A
1082 1043 1184 1070 ron-

129 1108 270 1138 nnus.

181 1166 245 1202 36.
311 1162 389 1202 Pro
419 1165 524 1216 vulg.
550 1165 784 1212 dedecorant,
815 1163 936 1234 MSS.
955 1162 1111 1214 quidam
1139 1169 1180 1200 et

131 1227 372 1267 Scholiastae
395 1237 490 1268 vett.
507 1230 735 1269 indecorant.

179 1294 244 1332 65.
298 1294 375 1332 Pro
394 1305 540 1342 merses,
560 1294 741 1346 permulti
759 1307 810 1332 ex
827 1292 934 1332 libris
947 1292 1101 1344 scriptis
1115 1292 1181 1330 ha-

127 1359 224 1396 bent
240 1370 390 1397 mersus.

181 1426 248 1470 66,
274 1425 338 1465 67.
391 1423 469 1463 Pro
479 1429 638 1476 proruet
649 1429 841 1476 geretque,
871 1422 960 1461 MS.
987 1435 1086 1461 unus
1116 1428 1184 1460 aut

130 1487 230 1526 alter
242 1488 394 1540 proruit
407 1489 589 1540 geritque.

180 1553 245 1593 73.
272 1553 482 1605 Pevficiunt
495 1553 621 1591 codex
634 1552 832 1605 antiquiss.
844 1552 1070 1591 Blandinius
1085 1552 1183 1590 Cru-

131 1617 225 1668 quii,
244 1617 419 1655 nonnulli
436 1617 574 1655 Lamb.
593 1625 633 1655 et
652 1631 750 1655 unus
770 1618 895 1655 Pulm.
914 1617 1069 1668 efficient
1085 1626 1182 1654 non·-

128 1681 226 1718 nulli
244 1680 454 1728 Tol-rentii,
473 1682 669 1734 perficient
687 1681 821 1719 ceteri.

183 1744 232 1782 V.
259 1747 297 1785 7.
349 1744 427 1783 Pro
446 1745 601 1796 qffulsit,
630 1745 743 1784 codd.
758 1746 873 1797 pauci
891 1744 1039 1796 effidsit.
1083 1744 1184 1783 Cum

131 1808 327 1861 plerisque
346 1809 559 1848 editoribus
578 1809 866 1852 distinctionem
879 1809 1079 1861 posuimus
1096 1815 1186 1860 post

130 1872 287 1925 egffidsit,
314 1886 412 1924 quae
430 1874 566 1912 melius
583 1874 742 1925 ponitur
753 1881 841 1925 post
857 1887 994 1913 vocem
1005 1873 1159 1926 populo.

185 1940 245 1979 17.
284 1938 458 1977 offendit
474 1939 576 1977 viros
593 1939 730 1977 doctos
748 1938 845 1976 illud
862 1953 970 1985 rura,
989 1939 1028 1976 in
1046 1952 1082 1976 v.
1101 1951 1183 1990 seq.

132 2002 354 2053 repetitum,
369 2011 409 2041 et
420 2003 648 2041 alterutrum
663 2003 842 2041 vitiosum
854 2015 938 2041 esse
947 2004 1185 2054 judicarunt.

132 2066 259 2116 Igitur
271 2079 343 2117 pro
362 2080 454 2105 rura
469 2081 504 2104 v.
521 2068 567 2108 17
570 2095 581 2105 .
593 2073 710 2120 prata
724 2068 932 2118 legendum
947 2067 1100 2106 censuit
1115 2067 1185 2105 Fa-

133 2130 215 2169 ber.
255 2131 415 2178 Contra,
435 2131 563 2170 Bentl.
581 2132 657 2170 hoc
689 2132 776 2170 loco
795 2145 887 2170 rura
906 2132 1091 2175 retinuit;
1130 2138 1185 2178 at,

133 2193 227 2235 in‘v.
248 2197 308 2234 18.
326 2195 489 2234 mutavit
502 2196 668 2248 infirm
682 2213 699 2241 ;
730 2197 926 2248 Cuningh.
940 2209 1031 2235 vero
1050 2196 1090 2234 in
1109 2196 1183 2234 cul-
