1370 2574
486 279 802 323 CARMNUM
854 279 933 320 m.

529 545 644 585 ODE
697 543 845 583 XXIV.

365 705 572 743 INTAcrls
590 702 811 756 opulentior

263 770 471 810 Thesauris
491 770 668 808 Arabum
686 774 727 807 et
745 764 874 805 divitis
892 762 1042 810 Indiae,

367 834 589 875 Caementis
607 834 702 871 licet
720 843 890 883 occupes

261 901 508 953 Tyrrhenum
527 911 642 937 omne
661 896 752 943 tuis,
771 902 813 934 et
830 907 937 933 mare
955 893 1190 946 Apulicum:

367 965 408 1004 Si
421 964 507 1016 figit
525 962 791 1002 adamantinos

264 1031 433 1071 Summis
449 1029 662 1068 verticibus
681 1027 764 1065 dira
783 1025 1007 1065 Necessitas

366 1096 520 1142 Ckwos,
539 1107 618 1132 non
637 1093 807 1132 animum
826 1097 952 1138 metu,

262 1161 354 1200 Non
372 1160 508 1199 mortis
526 1156 676 1210 laqueis
694 1156 881 1209 expedies
899 1161 1029 1207 caput.

367 1226 618 1276 Campestres
635 1223 774 1261 melius
795 1221 981 1273 Scythae,

263 1292 440 1335 Quorum
459 1289 632 1341 plaustra
648 1300 766 1339 vagas
784 1286 858 1325 rite
877 1286 1038 1324 trahunt
1055 1285 1204 1331 domos,

367 1355 529 1402 Vivunt,
548 1362 589 1393 et
606 1353 722 1405 rigidi
741 1352 894 1391 Getae:
1000 1344 1019 1357 ⁸

262 1420 472 1461 Immetata
489 1418 630 1470 quibus
644 1419 784 1468 jugera
802 1416 944 1454 liberas

367 1483 516 1536 Fruges
534 1490 575 1521 et
594 1483 779 1520 Cererem
797 1480 954 1523 ferunt;

262 1550 349 1589 Nec
369 1549 523 1588 cultura
538 1547 671 1599 placet
687 1545 840 1597 longior
858 1555 1014 1589 annm;

367 1612 689 1664 Defunctumque
707 1610 904 1649 laboribus

265 1678 434 1732 Aequali
451 1684 606 1716 recreat
623 1683 728 1716 sorte
745 1674 925 1714 vicarius.

368 1743 456 1782 Illic
474 1750 598 1781 matre
618 1739 842 1781 carentibus

265 1809 458 1860 Privignis
476 1807 616 1846 mulier
632 1811 829 1858 temperat
846 1804 1056 1850 innocen„

369 1873 457 1912 Nec
476 1872 611 1910 dotata
628 1870 730 1922 regit
747 1869 872 1908 virum

265 1938 436 1989 Conjux‚
464 1950 540 1975 nec
557 1936 681 1974 nitido
695 1934 780 1972 fidit
797 1933 1000 1972 adultero:

369 2003 454 2040 Dos
472 2009 533 2040 est
550 2013 692 2052 magna
702 1998 923 2051 parentium

265 2068 414 2113 Virtus,
443 2073 482 2104 et
501 2073 680 2104 metuens
699 2063 858 2103 alterius
875 2061 946 2100 viri

374 2131 492 2170 Certo
511 2130 671 2168 foedere
690 2128 861 2174 castitas,

267 2196 319 2237 Et
337 2208 502 2250 peccare
522 2194 645 2242 nesae,
663 2201 731 2234 aut
748 2193 917 2247 pretium
935 2191 1070 2232 emori.
