1370 2574
193 291 268 331 162

547 287 779 326 EPODON
831 286 886 327 ix.

295 398 507 447 Romanus,
526 399 649 438 eheu!
668 398 814 450 posteri
832 396 1037 449 negabitis,

400 463 679 516 Emancipatus
696 463 877 511 feminae,

294 529 386 569 Fert
403 529 545 568 vallum
564 535 605 567 et
622 541 728 566 arma
745 528 869 575 miles,
896 533 938 566 et
955 524 1189 580 spadonibus

400 594 553 633 servire
571 593 721 645 rugosis
738 595 891 645 potest!

294 659 481 712 Interque
499 659 610 711 signa
636 665 750 710 turpe
778 657 958 696 militaria

401 724 466 763 Sol
485 724 650 776 adspicit
668 723 888 775 conopium.

294 790 361 828 Ad
379 790 455 829 hoc
472 789 683 828 frementes
696 793 897 826 verterunt
909 785 970 825 bis
983 784 1088 824 mille
1103 796 1224 838 equos

398 854 516 902 Galli,
535 861 719 892 canentes
740 853 970 897 Caesarem;

293 920 584 972 Hostiliumque
603 920 758 958 navium
775 924 893 970 portu
909 917 1034 956 latent

399 985 570 1037 Puppes,
597 984 858 1022 sinistrorsum
877 982 992 1020 citae.

292 1051 338 1089 Io
357 1049 589 1100 Triumphe!
616 1056 659 1086 tu
678 1046 838 1085 moraris
855 1057 994 1084 aureos

397 1114 557 1159 Currus,
576 1117 618 1150 et
632 1111 797 1150 intactas
810 1111 941 1149 boves.

291 1180 337 1219 Io
357 1178 588 1230 Triumphe!
617 1189 691 1214 nec
704 1175 731 1213 J
733 1174 944 1226 ugurthino
961 1185 1095 1226 parem

397 1243 507 1282 Bello
526 1240 729 1294 reportasti
748 1241 911 1285 ducem;

291 1309 432 1360 Neque
453 1306 696 1353 Africanum,
725 1305 787 1344 cui
804 1317 922 1356 super
946 1302 1222 1355 Carthaginem

397 1372 530 1411 Virtus
548 1372 770 1423 sepulcrum
789 1368 974 1409 condidit.

293 1439 415 1477 Terra
433 1435 605 1487 marique
624 1433 765 1481 victus,
785 1434 907 1472 hostis
934 1432 1084 1471 Punico

395 1501 582 1552 Lugubre
601 1499 764 1536 mutavit
781 1511 929 1549 sagum.

293 1567 377 1606 Aut
395 1565 459 1603 ille
479 1571 639 1604 centum
657 1562 826 1601 nobilem
846 1562 1006 1601 Cretam
1023 1560 1182 1600 urbibus

396 1629 535 1669 Ventis
554 1629 677 1667 iturus
695 1640 773 1666 non
791 1627 883 1674 suis,

292 1694 539 1735 Exercitata's
557 1701 623 1732 aut
640 1693 740 1745 petit
760 1692 894 1744 Syrtes
914 1691 1034 1740 Noto,

397 1760 481 1798 Aut
498 1758 622 1805 fertur
640 1758 789 1796 incerto
807 1756 915 1795 mari.

292 1824 526 1878 Capaciores
544 1822 636 1860 affer
654 1822 746 1868 huc,
773 1834 886 1873 puer,
905 1821 1093 1873 scyphos3

396 1888 449 1926 Et
469 1887 568 1926 Chia
583 1887 687 1934 vina,
706 1893 773 1925 aut
791 1885 947 1933 Lesbia,

292 1954 381 2002 Vel,
402 1953 507 2005 quod
526 1953 713 1991 fluentem
732 1962 913 1990 nauseam
931 1951 1126 1998 coe'rceat,

394 2017 540 2055 Metire
559 2017 670 2056 nobis
690 2016 928 2056 Caecubum.

291 2085 434 2125 Curam
461 2089 686 2132 metumque
707 2079 882 2120 Caesaris
899 2092 1028 2119 rerum
1040 2080 1169 2131 juvat'

392 2146 514 2188 Dulci
531 2145 667 2200 Lyaeo
684 2145 845 2185 solvere.
