1370 2574
508 322 778 365 NOTULAE
1099 322 1176 360 215

376 415 423 442 m
452 414 539 441 mn.
568 415 635 441 111.
660 411 914 441 cummun-

116 503 319 554 vulgatus:
361 507 403 538 at
430 498 584 538 mollivit
615 500 749 538 Acron
781 496 870 535 MS.
902 494 1007 546 apud
1039 493 1170 532 Bentl.

118 566 231 605 multi
249 563 363 604 codd·
381 571 423 602 et
440 571 520 602 tres
537 563 648 602 editt.
666 569 855 601 vetustae.
909 559 962 597 Et
979 559 1019 597 in
1036 558 1169 610 hujus-

117 631 225 671 modi
240 647 398 681 γημας,
428 641 523 679 quas
541 641 611 680 per
628 635 796 678 tempus,
813 624 875 663 vel
893 635 1091 675 praesens,
1106 621 1171 659 vel

116 696 382 748 praeteritum,
399 693 463 732 vel
479 692 670 738 futurum,
697 689 832 729 efferre
846 689 954 735 licet,
982 685 1171 726 Horatius

118 773 235 813 saepe
253 759 376 798 utitur
393 757 629 810 praeterit03
656 763 699 795 ut

115 829 224 868 Raro
240 827 510 867 antecedentem
523 823 711 863 scelestum

115 892 345 930 Dssznmr
360 891 491 929 Poena
498 886 749 942 pedeclaudo.
777 885 864 924 Lib.
878 884 955 923 111.
966 884 1044 923 Od.
1054 884 1095 923 ii.
1106 887 1169 924 82.

117 959 328 999 Rarissima
346 959 476 1004 etiam,
496 956 651 994 Horatii
665 962 808 1001 aetate,
826 954 1048 993 terminatio
1065 953 1170 991 futu-

114 1025 150 1063 ri
167 1025 207 1062 in
224 1024 321 1063 460.
373 1022 491 1067 Quod
507 1034 601 1060 vero
613 1020 721 1058 addit
735 1020 808 1058 cel.
821 1019 928 1066 Jani,
942 1027 1030 1071 post
1049 1019 1170 1058 Bent-

114 1089 233 1128 leium
258 1093 353 1126 :—“
388 1086 564 1126 Postulat
598 1086 715 1123 etiam
733 1084 949 1123 sententiae
977 1083 1173 1134 elegantia

119 1158 148 1177 “
173 1160 326 1205 tempus
336 1151 589 1204 praeteritum
600 1149 770 1196 mollivit,
777 1157 822 1187 ut
832 1156 923 1187 ante
933 1147 1071 1200 tetigit,
1081 1160 1172 1186 cum

117 1222 147 1242 “
172 1217 332 1256 notione
363 1215 557 1268 perpetui,
586 1215 666 1253 sive
695 1213 845 1252 Aoristi
869 1212 1071 1263 temporis„
1098 1225 1172 1263 pro

117 1285 146 1305 “
172 1281 384 1333 praesenti,
413 1286 576 1318 venusta
593 1285 634 1317 et
663 1277 792 1329 poetis
823 1276 1000 1315 sollemni
1028 1275 1172 1314 enalla-

118 1350 147 1369 “
175 1358 240 1396 ge,
259 1345 427 1396 positum
441 1343 586 1382 :’'-—ad
598 1342 639 1380 id
650 1341 928 1394 respondemus
941 1339 1069 1378 verbis
1084 1339 1173 1378 Ric.

115 1409 324 1455 Johnsoni,
355 1409 428 1446 viri
446 1406 708 1452 eruditissimi,
736 1405 802 1457 qui
819 1418 936 1456 saepe
953 1405 1171 1451 veritatem,

117 1473 473 1512 Grammaticorum
491 1471 647 1523 ineptiis
661 1471 920 1516 obscuratam,
945 1469 1114 1508 feliciter
1130 1482 1172 1507 e-

114 1538 208 1585 ruit,
241 1537 424 1589 claraque
442 1537 482 1574 in
499 1537 590 1575 luce
606 1536 749 1588 posuit.
804 1539 831 1558 “
858 1534 942 1572 Imo
971 1546 1065 1572 vero
1095 1546 1173 1572 nec

118 1606 147 1625 “
173 1601 296 1648 ratio,
318 1614 392 1640 nec
410 1614 495 1640 mos
518 1600 703 1652 loquendi
719 1600 796 1637 hoc
807 1599 988 1650 postulat,
1014 1606 1059 1636 ut
1081 1597 1171 1637 mol-

115 1673 144 1693 “
172 1668 255 1706 livit
271 1666 415 1719 potius,
434 1678 550 1717 quam
567 1663 699 1711 mollit,
718 1663 887 1711 mollibit,
902 1665 1065 1703 dicatur.
1097 1664 1172 1701 Pa-

116 1737 144 1756 “
170 1732 265 1770 titur
305 1730 475 1782 quidem,
526 1728 698 1780 postulat
729 1735 860 1766 autem
894 1728 1002 1765 nullo
1040 1728 1170 1767 modo.

116 1800 145 1820 ‘⁸
172 1794 341 1834 Consule
391 1794 582 1831 Senecam
637 1792 901 1843 Tragoedum,
948 1792 1171 1842 hujusmodi

119 1865 147 1883 ‘⁶
175 1857 432 1898 Gnomonicis
466 1857 743 1903 abundantem,
783 1857 907 1895 multo
943 1857 1055 1908 plura
1099 1870 1171 1908 per

119 1928 147 1947 “
174 1935 357 1975 praesens
375 1922 478 1960 elata
503 1922 687 1973 reperies,
710 1921 823 1972 plura
847 1921 1084 1972 aliquantum
1100 1934 1172 1972 per

119 1993 146 2011 “
173 1987 362 2025 futurum.
426 1985 513 2024 Nec
531 1998 602 2037 per
618 1998 660 2023 se
677 1985 857 2036 perpetui
874 1984 1058 2036 temporis
1080 1984 1170 2023 mol-

117 2057 145 2075 “
170 2050 254 2088 livit
272 2056 343 2096 est,
362 2057 422 2087 est
439 2049 639 2101 praeteriti
667 2056 833 2087 tantum.
885 2049 978 2095 Sed,
1005 2062 1095 2087 cum
1119 2050 1172 2088 de

117 2120 144 2138 ‘⁶
171 2113 323 2151 Natura
350 2114 558 2165 loquimur,
590 2127 689 2164 quae
716 2121 899 2152 constans
926 2126 1079 2164 semper
1105 2126 1169 2151 ea-

117 2183 143 2201 “
171 2178 337 2229 demque
355 2185 428 2223 est,
457 2178 553 2215 nihil
572 2178 691 2217 refert
709 2170 787 2230 quo
805 2185 980 2229 tempore
999 2184 1168 2222 utamur,

115 2246 144 2265 “
170 2242 351 2292 quoniam
370 2242 473 2280 idem
496 2255 650 2293 semper
660 2243 783 2294 jecit,
796 2243 915 2293 ficit,
944 2249 986 2279 et
996 2241 1168 2292 fizcietss‘

118 2306 334 2345 Aristarch.
354 2313 453 2358 part.
472 2306 525 2345 11.
552 2320 590 2358 p.
609 2309 671 2345 38.
