<?xml version="1.0" encoding="UTF-8"?>
<!DOCTYPE html PUBLIC "-//W3C//DTD XHTML 1.0 Transitional//EN"
    "http://www.w3.org/TR/xhtml1/DTD/xhtml1-transitional.dtd">
<html xmlns="http://www.w3.org/1999/xhtml" xml:lang="en" lang="en">
 <head>
  <title>
</title>
<meta http-equiv="Content-Type" content="text/html;charset=utf-8" />
  <meta name='ocr-system' content='tesseract 3.04.00' />
  <meta name='ocr-capabilities' content='ocr_page ocr_carea ocr_par ocr_line ocrx_word'/>
</head>
<body>
  <div class='ocr_page' id='page_1' title='image "./operahunt01horauoft_0091.png"; bbox 0 0 1370 2574; ppageno 0'>
   <div class='ocr_carea' id='block_1_1' title="bbox 376 291 1134 356">
    <p class='ocr_par' dir='ltr' id='par_1_1' title="bbox 376 291 1134 356">
     <span class='ocr_line' id='line_1_1' title="bbox 376 291 1134 356; baseline -0.028 -13"><span class='ocrx_word' id='word_1_1' title='bbox 376 295 702 356; x_wconf 9' lang='lat' dir='ltr'>*CARmNUM</span> <span class='ocrx_word' id='word_1_2' title='bbox 753 294 808 331; x_wconf 93' lang='lat'><strong>11.</strong></span> <span class='ocrx_word' id='word_1_3' title='bbox 1081 291 1134 328; x_wconf 81' lang='lat'><strong>59</strong></span> 
     </span>
    </p>
   </div>
   <div class='ocr_carea' id='block_1_2' title="bbox 179 399 983 531">
    <p class='ocr_par' dir='ltr' id='par_1_2' title="bbox 179 399 983 531">
     <span class='ocr_line' id='line_1_2' title="bbox 180 399 983 458; baseline -0.026 -1"><span class='ocrx_word' id='word_1_4' title='bbox 180 418 260 458; x_wconf 88' lang='lat' dir='ltr'><strong>Cur</strong></span> <span class='ocrx_word' id='word_1_5' title='bbox 278 427 357 453; x_wconf 86' lang='lat' dir='ltr'><strong>non</strong></span> <span class='ocrx_word' id='word_1_6' title='bbox 373 412 444 451; x_wconf 71' lang='lat' dir='ltr'><strong>sub</strong></span> <span class='ocrx_word' id='word_1_7' title='bbox 464 409 543 448; x_wconf 85' lang='lat' dir='ltr'><strong>alta</strong></span> <span class='ocrx_word' id='word_1_8' title='bbox 559 406 622 445; x_wconf 89' lang='lat' dir='ltr'><strong>vel</strong></span> <span class='ocrx_word' id='word_1_9' title='bbox 639 404 812 456; x_wconf 79' lang='lat' dir='ltr'><strong>platano,</strong></span> <span class='ocrx_word' id='word_1_10' title='bbox 828 399 891 439; x_wconf 83' lang='lat' dir='ltr'><strong>vel</strong></span> <span class='ocrx_word' id='word_1_11' title='bbox 907 399 983 438; x_wconf 87' lang='lat' dir='ltr'><strong>hac</strong></span> 
     </span>
     <span class='ocr_line' id='line_1_3' title="bbox 179 473 888 531; baseline -0.027 -10"><span class='ocrx_word' id='word_1_12' title='bbox 179 482 280 521; x_wconf 90' lang='lat' dir='ltr'><strong>Pinu</strong></span> <span class='ocrx_word' id='word_1_13' title='bbox 293 482 469 531; x_wconf 83' lang='lat' dir='ltr'><strong>jacentes</strong></span> <span class='ocrx_word' id='word_1_14' title='bbox 486 473 543 511; x_wconf 73' lang='lat' dir='ltr'><strong>sic</strong></span> <span class='ocrx_word' id='word_1_15' title='bbox 560 478 723 516; x_wconf 88' lang='lat' dir='ltr'><strong>temere,</strong></span> <span class='ocrx_word' id='word_1_16' title='bbox 741 473 783 505; x_wconf 87' lang='lat' dir='ltr'><strong>et</strong></span> <span class='ocrx_word' id='word_1_17' title='bbox 799 477 888 504; x_wconf 77' lang='lat' dir='ltr'><strong>rosa</strong></span> 
     </span>
    </p>
   </div>
   <div class='ocr_carea' id='block_1_3' title="bbox 230 534 918 651">
    <p class='ocr_par' dir='ltr' id='par_1_3' title="bbox 230 534 918 651">
     <span class='ocr_line' id='line_1_4' title="bbox 230 534 718 586; baseline -0.033 0"><span class='ocrx_word' id='word_1_18' title='bbox 230 547 358 585; x_wconf 77' lang='lat' dir='ltr'><strong>Canos</strong></span> <span class='ocrx_word' id='word_1_19' title='bbox 374 537 527 580; x_wconf 79' lang='lat' dir='ltr'><strong>odorati</strong></span> <span class='ocrx_word' id='word_1_20' title='bbox 544 534 718 586; x_wconf 80' lang='lat' dir='ltr'>capillos,</span> 
     </span>
     <span class='ocr_line' id='line_1_5' title="bbox 281 593 918 651; baseline -0.03 -2"><span class='ocrx_word' id='word_1_21' title='bbox 281 609 390 648; x_wconf 86' lang='lat' dir='ltr'><strong>Dum</strong></span> <span class='ocrx_word' id='word_1_22' title='bbox 406 605 512 651; x_wconf 82' lang='lat' dir='ltr'><strong>licet,</strong></span> <span class='ocrx_word' id='word_1_23' title='bbox 539 598 778 651; x_wconf 80' lang='lat' dir='ltr'><strong>Assyriaque</strong></span> <span class='ocrx_word' id='word_1_24' title='bbox 796 593 918 633; x_wconf 85' lang='lat' dir='ltr'><strong>nardo</strong></span> 
     </span>
    </p>
   </div>
   <div class='ocr_carea' id='block_1_4' title="bbox 182 724 925 977">
    <p class='ocr_par' dir='ltr' id='par_1_4' title="bbox 182 724 925 977">
     <span class='ocr_line' id='line_1_6' title="bbox 182 724 849 778; baseline -0.028 1"><span class='ocrx_word' id='word_1_25' title='bbox 182 740 366 778; x_wconf 75' lang='lat' dir='ltr'><strong>Putamus</strong></span> <span class='ocrx_word' id='word_1_26' title='bbox 382 731 519 772; x_wconf 83' lang='lat' dir='ltr'><strong>uncti?</strong></span> <span class='ocrx_word' id='word_1_27' title='bbox 548 727 708 778; x_wconf 80' lang='lat' dir='ltr'><strong>dissipat</strong></span> <span class='ocrx_word' id='word_1_28' title='bbox 726 724 849 762; x_wconf 80' lang='lat' dir='ltr'>Euius</span> 
     </span>
     <span class='ocr_line' id='line_1_7' title="bbox 182 788 840 844; baseline -0.027 -1"><span class='ocrx_word' id='word_1_29' title='bbox 182 804 305 843; x_wconf 75' lang='lat' dir='ltr'><strong>caras</strong></span> <span class='ocrx_word' id='word_1_30' title='bbox 321 798 474 839; x_wconf 64' lang='lat' dir='ltr'><strong>edaces·</strong></span> <span class='ocrx_word' id='word_1_31' title='bbox 500 793 597 837; x_wconf 82' lang='lat' dir='ltr'><strong>Quis</strong></span> <span class='ocrx_word' id='word_1_32' title='bbox 614 803 712 844; x_wconf 86' lang='lat' dir='ltr'><strong>puer</strong></span> <span class='ocrx_word' id='word_1_33' title='bbox 730 788 840 827; x_wconf 82' lang='lat' dir='ltr'><strong>ocius</strong></span> 
     </span>
     <span class='ocr_line' id='line_1_8' title="bbox 234 853 827 914; baseline -0.027 -8"><span class='ocrx_word' id='word_1_34' title='bbox 234 865 468 914; x_wconf 85' lang='lat' dir='ltr'><strong>Restinguet</strong></span> <span class='ocrx_word' id='word_1_35' title='bbox 484 856 654 898; x_wconf 80' lang='lat' dir='ltr'><strong>ardentis</strong></span> <span class='ocrx_word' id='word_1_36' title='bbox 673 853 827 892; x_wconf 77' lang='lat' dir='ltr'>Falerni</span> 
     </span>
     <span class='ocr_line' id='line_1_9' title="bbox 285 915 925 977; baseline -0.023 -9"><span class='ocrx_word' id='word_1_37' title='bbox 285 927 432 968; x_wconf 89' lang='lat' dir='ltr'><strong>Pocula</strong></span> <span class='ocrx_word' id='word_1_38' title='bbox 448 926 720 977; x_wconf 82' lang='lat' dir='ltr'><strong>praetereunte</strong></span> <span class='ocrx_word' id='word_1_39' title='bbox 738 915 925 970; x_wconf 78' lang='lat' dir='ltr'><strong>lympha?</strong></span> 
     </span>
    </p>
   </div>
   <div class='ocr_carea' id='block_1_5' title="bbox 135 1044 945 1293">
    <p class='ocr_par' dir='ltr' id='par_1_5' title="bbox 186 1044 945 1178">
     <span class='ocr_line' id='line_1_10' title="bbox 187 1044 924 1104; baseline -0.026 -5"><span class='ocrx_word' id='word_1_40' title='bbox 187 1059 284 1104; x_wconf 77' lang='lat' dir='ltr'><strong>Quis</strong></span> <span class='ocrx_word' id='word_1_41' title='bbox 299 1056 454 1096; x_wconf 86' lang='lat' dir='ltr'><strong>devium</strong></span> <span class='ocrx_word' id='word_1_42' title='bbox 471 1058 644 1091; x_wconf 82' lang='lat' dir='ltr'><strong>scortum</strong></span> <span class='ocrx_word' id='word_1_43' title='bbox 661 1046 792 1086; x_wconf 87' lang='lat' dir='ltr'><strong>eliciet</strong></span> <span class='ocrx_word' id='word_1_44' title='bbox 808 1044 924 1083; x_wconf 88' lang='lat' dir='ltr'><strong>domo</strong></span> 
     </span>
     <span class='ocr_line' id='line_1_11' title="bbox 186 1108 945 1178; baseline -0.028 -13"><span class='ocrx_word' id='word_1_45' title='bbox 186 1122 354 1178; x_wconf 83' lang='lat' dir='ltr'><strong>Lyden?</strong></span> <span class='ocrx_word' id='word_1_46' title='bbox 383 1120 544 1162; x_wconf 86' lang='lat' dir='ltr'><strong>eburna,</strong></span> <span class='ocrx_word' id='word_1_47' title='bbox 562 1114 626 1152; x_wconf 88' lang='lat' dir='ltr'><strong>dic</strong></span> <span class='ocrx_word' id='word_1_48' title='bbox 644 1124 732 1162; x_wconf 89' lang='lat' dir='ltr'><strong>age,</strong></span> <span class='ocrx_word' id='word_1_49' title='bbox 752 1122 843 1149; x_wconf 89' lang='lat' dir='ltr'><strong>cum</strong></span> <span class='ocrx_word' id='word_1_50' title='bbox 858 1108 945 1159; x_wconf 83' lang='lat' dir='ltr'><strong>lyra</strong></span> 
     </span>
    </p>

    <p class='ocr_par' dir='ltr' id='par_1_6' title="bbox 135 1175 929 1293">
     <span class='ocr_line' id='line_1_12' title="bbox 135 1175 909 1230; baseline -0.027 0"><span class='ocrx_word' id='word_1_51' title='bbox 135 1187 144 1196; x_wconf 71' lang='lat'>⁴</span> <span class='ocrx_word' id='word_1_52' title='bbox 239 1188 427 1230; x_wconf 74' lang='lat' dir='ltr'><strong>Manu-et,</strong></span> <span class='ocrx_word' id='word_1_53' title='bbox 454 1183 494 1219; x_wconf 90' lang='lat' dir='ltr'><strong>in</strong></span> <span class='ocrx_word' id='word_1_54' title='bbox 513 1186 685 1219; x_wconf 80' lang='lat' dir='ltr'>comtum</span> <span class='ocrx_word' id='word_1_55' title='bbox 703 1175 909 1213; x_wconf 86' lang='lat' dir='ltr'><strong>Lacaenae</strong></span> 
     </span>
     <span class='ocr_line' id='line_1_13' title="bbox 292 1237 929 1293; baseline -0.025 -4"><span class='ocrx_word' id='word_1_56' title='bbox 292 1250 406 1288; x_wconf 88' lang='lat' dir='ltr'><strong>More</strong></span> <span class='ocrx_word' id='word_1_57' title='bbox 425 1258 575 1286; x_wconf 88' lang='lat' dir='ltr'><strong>comam</strong></span> <span class='ocrx_word' id='word_1_58' title='bbox 592 1242 754 1293; x_wconf 82' lang='lat' dir='ltr'><strong>religata</strong></span> <span class='ocrx_word' id='word_1_59' title='bbox 770 1237 929 1277; x_wconf 83' lang='lat' dir='ltr'><strong>nodum.</strong></span> 
     </span>
    </p>
   </div>
   <div class='ocr_carea' id='block_1_6' title="bbox 484 1432 745 1476">
    <p class='ocr_par' dir='ltr' id='par_1_7' title="bbox 484 1432 745 1476">
     <span class='ocr_line' id='line_1_14' title="bbox 484 1432 745 1476; baseline -0.027 1"><span class='ocrx_word' id='word_1_60' title='bbox 484 1435 599 1476; x_wconf 91' lang='lat' dir='ltr'><strong>ODE</strong></span> <span class='ocrx_word' id='word_1_61' title='bbox 652 1432 745 1472; x_wconf 88' lang='lat' dir='ltr'><strong>XII.</strong></span> 
     </span>
    </p>
   </div>
   <div class='ocr_carea' id='block_1_7' title="bbox 414 1571 817 1606">
    <p class='ocr_par' dir='ltr' id='par_1_8' title="bbox 414 1571 817 1606">
     <span class='ocr_line' id='line_1_15' title="bbox 414 1571 817 1606; baseline -0.022 -1"><span class='ocrx_word' id='word_1_62' title='bbox 414 1578 475 1606; x_wconf 76' lang='lat' dir='ltr'><strong>Al&gt;</strong></span> <span class='ocrx_word' id='word_1_63' title='bbox 502 1571 817 1603; x_wconf 70' lang='lat' dir='ltr'>MAECENATEM.</span> 
     </span>
    </p>
   </div>
   <div class='ocr_carea' id='block_1_8' title="bbox 197 1684 1145 1943">
    <p class='ocr_par' dir='ltr' id='par_1_9' title="bbox 197 1684 973 1747">
     <span class='ocr_line' id='line_1_16' title="bbox 197 1684 973 1747; baseline -0.027 -5"><span class='ocrx_word' id='word_1_64' title='bbox 197 1702 332 1742; x_wconf 71' lang='lat' dir='ltr'><strong>Nona</strong></span> <span class='ocrx_word' id='word_1_65' title='bbox 346 1698 467 1747; x_wconf 84' lang='lat' dir='ltr'>longa</span> <span class='ocrx_word' id='word_1_66' title='bbox 482 1694 587 1732; x_wconf 87' lang='lat' dir='ltr'><strong>ferae</strong></span> <span class='ocrx_word' id='word_1_67' title='bbox 604 1689 709 1728; x_wconf 85' lang='lat' dir='ltr'><strong>bella</strong></span> <span class='ocrx_word' id='word_1_68' title='bbox 725 1684 973 1731; x_wconf 83' lang='lat' dir='ltr'><strong>Numantiae,</strong></span> 
     </span>
    </p>

    <p class='ocr_par' dir='ltr' id='par_1_10' title="bbox 197 1749 1145 1805">
     <span class='ocr_line' id='line_1_17' title="bbox 197 1749 1145 1805; baseline -0.024 1"><span class='ocrx_word' id='word_1_69' title='bbox 197 1767 285 1805; x_wconf 86' lang='lat' dir='ltr'><strong>Nec</strong></span> <span class='ocrx_word' id='word_1_70' title='bbox 301 1764 439 1802; x_wconf 86' lang='lat' dir='ltr'><strong>durum</strong></span> <span class='ocrx_word' id='word_1_71' title='bbox 458 1754 731 1800; x_wconf 83' lang='lat' dir='ltr'><strong>Hannibalem,</strong></span> <span class='ocrx_word' id='word_1_72' title='bbox 754 1764 828 1791; x_wconf 90' lang='lat' dir='ltr'><strong>nec</strong></span> <span class='ocrx_word' id='word_1_73' title='bbox 849 1749 1023 1788; x_wconf 84' lang='lat' dir='ltr'><strong>Siculum</strong></span> <span class='ocrx_word' id='word_1_74' title='bbox 1039 1757 1145 1787; x_wconf 86' lang='lat' dir='ltr'><strong>mare</strong></span> 
     </span>
    </p>

    <p class='ocr_par' dir='ltr' id='par_1_11' title="bbox 198 1814 1007 1943">
     <span class='ocr_line' id='line_1_18' title="bbox 198 1814 1007 1878; baseline -0.025 -7"><span class='ocrx_word' id='word_1_75' title='bbox 198 1831 333 1870; x_wconf 83' lang='lat' dir='ltr'><strong>Poeno</strong></span> <span class='ocrx_word' id='word_1_76' title='bbox 350 1835 587 1878; x_wconf 87' lang='lat' dir='ltr'><strong>purpureum</strong></span> <span class='ocrx_word' id='word_1_77' title='bbox 604 1818 808 1870; x_wconf 88' lang='lat' dir='ltr'><strong>sanguine,</strong></span> <span class='ocrx_word' id='word_1_78' title='bbox 826 1814 1007 1855; x_wconf 75' lang='lat' dir='ltr'><strong>mollibus</strong></span> 
     </span>
     <span class='ocr_line' id='line_1_19' title="bbox 303 1883 800 1943; baseline -0.02 -13"><span class='ocrx_word' id='word_1_79' title='bbox 303 1890 443 1943; x_wconf 82' lang='lat' dir='ltr'><strong>Aptari</strong></span> <span class='ocrx_word' id='word_1_80' title='bbox 461 1887 634 1927; x_wconf 83' lang='lat' dir='ltr'><strong>citharae</strong></span> <span class='ocrx_word' id='word_1_81' title='bbox 649 1883 774 1922; x_wconf 87' lang='lat' dir='ltr'><strong>modis</strong></span> <span class='ocrx_word' id='word_1_82' title='bbox 788 1898 800 1927; x_wconf 70' lang='grc' dir='ltr'><strong>ς</strong></span> 
     </span>
    </p>
   </div>
   <div class='ocr_carea' id='block_1_9' title="bbox 203 2010 1030 2262">
    <p class='ocr_par' dir='ltr' id='par_1_12' title="bbox 203 2010 1030 2068">
     <span class='ocr_line' id='line_1_20' title="bbox 203 2010 1030 2068; baseline -0.018 -8"><span class='ocrx_word' id='word_1_83' title='bbox 203 2022 292 2060; x_wconf 86' lang='lat' dir='ltr'><strong>Nec</strong></span> <span class='ocrx_word' id='word_1_84' title='bbox 307 2031 442 2058; x_wconf 77' lang='lat' dir='ltr'><strong>saevos</strong></span> <span class='ocrx_word' id='word_1_85' title='bbox 459 2016 660 2068; x_wconf 68' lang='lat' dir='ltr'><strong>Lapithae,</strong></span> <span class='ocrx_word' id='word_1_86' title='bbox 687 2019 728 2051; x_wconf 84' lang='lat' dir='ltr'><strong>et</strong></span> <span class='ocrx_word' id='word_1_87' title='bbox 743 2010 905 2050; x_wconf 78' lang='lat' dir='ltr'><strong>nimium</strong></span> <span class='ocrx_word' id='word_1_88' title='bbox 921 2021 1030 2047; x_wconf 90' lang='lat' dir='ltr'><strong>mero</strong></span> 
     </span>
    </p>

    <p class='ocr_par' dir='ltr' id='par_1_13' title="bbox 206 2074 1029 2137">
     <span class='ocr_line' id='line_1_21' title="bbox 206 2074 1029 2137; baseline -0.016 -14"><span class='ocrx_word' id='word_1_89' title='bbox 206 2083 416 2137; x_wconf 82' lang='lat' dir='ltr'><strong>Hylaeum,</strong></span> <span class='ocrx_word' id='word_1_90' title='bbox 434 2081 678 2131; x_wconf 81' lang='lat' dir='ltr'><strong>domitosque</strong></span> <span class='ocrx_word' id='word_1_91' title='bbox 696 2074 897 2115; x_wconf 88' lang='lat' dir='ltr'><strong>Herculea</strong></span> <span class='ocrx_word' id='word_1_92' title='bbox 913 2084 1029 2112; x_wconf 86' lang='lat' dir='ltr'><strong>manu</strong></span> 
     </span>
    </p>

    <p class='ocr_par' dir='ltr' id='par_1_14' title="bbox 207 2139 920 2262">
     <span class='ocr_line' id='line_1_22' title="bbox 207 2139 920 2197; baseline -0.015 -10"><span class='ocrx_word' id='word_1_93' title='bbox 207 2147 375 2187; x_wconf 81' lang='lat' dir='ltr'><strong>Telluris</strong></span> <span class='ocrx_word' id='word_1_94' title='bbox 388 2149 564 2197; x_wconf 83' lang='lat' dir='ltr'><strong>juvenes,</strong></span> <span class='ocrx_word' id='word_1_95' title='bbox 583 2143 686 2182; x_wconf 89' lang='lat' dir='ltr'><strong>unde</strong></span> <span class='ocrx_word' id='word_1_96' title='bbox 703 2139 920 2193; x_wconf 89' lang='lat' dir='ltr'><strong>periculum</strong></span> 
     </span>
     <span class='ocr_line' id='line_1_23' title="bbox 309 2205 884 2262; baseline -0.012 -14"><span class='ocrx_word' id='word_1_97' title='bbox 309 2210 477 2262; x_wconf 79' lang='lat' dir='ltr'><strong>Fulgens</strong></span> <span class='ocrx_word' id='word_1_98' title='bbox 495 2206 730 2249; x_wconf 87' lang='lat' dir='ltr'><strong>contremuit</strong></span> <span class='ocrx_word' id='word_1_99' title='bbox 748 2205 884 2243; x_wconf 80' lang='lat' dir='ltr'><strong>domus</strong></span> 
     </span>
    </p>
   </div>
   <div class='ocr_carea' id='block_1_10' title="bbox 157 2271 713 2318">
    <p class='ocr_par' dir='ltr' id='par_1_15' title="bbox 157 2271 713 2318">
     <span class='ocr_line' id='line_1_24' title="bbox 157 2271 713 2318; baseline -0.018 0"><span class='ocrx_word' id='word_1_100' title='bbox 157 2277 276 2318; x_wconf 69' lang='lat' dir='ltr'><strong>Tou.</strong></span> <span class='ocrx_word' id='word_1_101' title='bbox 305 2275 341 2316; x_wconf 89' lang='lat'><strong>1.</strong></span> <span class='ocrx_word' id='word_1_102' title='bbox 414 2283 424 2293; x_wconf 83' lang='lat'>&#39;</span> <span class='ocrx_word' id='word_1_103' title='bbox 612 2271 657 2311; x_wconf 92' lang='lat' dir='ltr'>H</span> <span class='ocrx_word' id='word_1_104' title='bbox 687 2272 713 2308; x_wconf 77' lang='lat'>2</span> 
     </span>
    </p>
   </div>
  </div>
 </body>
</html>
