1370 2574
174 299 226 337 66

486 288 800 329 CARMINUM
849 288 906 328 11.

282 403 435 443 Vivitur
453 413 570 453 parvo
587 400 704 445 bene,
723 398 786 436 cui
802 405 1009 449 paternum

285 468 472 520 Splendet
489 466 529 503 in
546 476 681 502 mensa
697 462 806 501 tenui
823 461 1009 505 salinum;

284 534 371 572 Nec
389 533 493 572 leves
511 541 665 568 somnos
683 527 798 566 timor
816 534 883 565 aut
901 524 1045 578 cupido

491 593 677 635 Sordidus
695 591 833 632 aufert.

286 729 390 773 Quid
407 727 516 766 brevi
532 726 653 764 fortes
665 725 882 775 jaculamur
899 733 995 759 aevo

286 794 442 833 Multa?
463 791 557 843 quid
573 797 694 828 terras
712 787 788 825 alio
806 786 977 825 calentes

289 859 378 899 Sole
397 853 618 896 mutamus?
637 851 785 902 patriae
804 849 889 901 quis
907 847 1019 888 exsul
1147 855 1161 875 ο

493 919 543 958 Se
562 928 718 969 quoque
735 914 863 967 fugit?

289 1053 449 1093 Scandit
467 1057 616 1089 aeratas
633 1048 771 1087 vitiosa
788 1057 906 1083 naves

287 1120 416 1163 Cura;
446 1128 521 1153 nec
538 1122 684 1152 turmas
702 1109 877 1163 equitum
890 1105 1086 1159 relinquit,

288 1183 409 1222 Ocior
427 1179 563 1225 cervis,
583 1184 623 1215 et
641 1182 782 1228 agente
800 1173 950 1213 nimbos

495 1243 615 1282 Ocior
633 1241 755 1279 Euro.

289 1376 435 1416 Laetus
454 1375 493 1412 in
511 1384 694 1424 praesens
712 1369 874 1415 animm,
893 1367 999 1418 quod
1015 1365 1117 1405 ultra
1132 1371 1207 1415 est,

289 1439 427 1480 Oderit
447 1449 596 1481 curare,
617 1442 657 1472 et
675 1445 805 1471 amara
821 1432 929 1469 lento

289 1507 499 1557 Temperet
516 1501 607 1538 risu.
635 1497 743 1535 Nihil
762 1502 822 1534 est
835 1495 883 1534 ab
902 1494 1008 1534 omni

495 1566 611 1603 Parte
627 1563 799 1602 beatum.

291 1699 466 1741 Abstulit
483 1692 630 1735 clarum
647 1693 726 1731 cita
741 1703 844 1729 mors
862 1688 1072 1734 Achillem,

290 1769 431 1817 Longa
449 1762 661 1801 Tithonum
679 1756 819 1794 minuit
836 1761 1016 1793 senectus
1030 1766 1043 1790 ε

292 1832 346 1870 Et
363 1828 458 1868 mihi
474 1827 619 1870 forsan,
637 1821 708 1860 tibi
727 1819 834 1872 quod
850 1817 1016 1869 negarit,

499 1888 681 1939 Pol-riget
699 1885 824 1924 Hora.

292 2026 350 2064 Te
370 2033 509 2074 greges
528 2025 686 2058 centum
715 2013 944 2063 Siculaeque
963 2009 1111 2048 circum

292 2087 480 2139 Mugiunt
495 2094 661 2125 vaccae3
686 2079 757 2117 tibi
775 2077 875 2116 tollit
890 2073 1094 2130 hinnitum

295 2157 402 2208 Apta
419 2147 614 2205 quadrigis
632 2155 755 2196 equa3
782 2148 822 2180 te
839 2140 898 2181 bis
917 2139 1017 2180 Afro

498 2211 654 2253 Murice
671 2209 816 2248 tinctae
