1370 2574
164 285 190 320 Ἰ
198 286 245 322 18
476 282 789 324 CARMINUM
839 284 915 324 111.

269 392 400 430 Irritat
418 406 559 432 amnes.
592 395 664 432 Ille
683 402 824 446 potens
842 394 902 433 sui

266 457 489 509 Laetusque
508 458 640 510 deget,
659 459 722 497 cui
740 460 834 498 licet
847 459 889 497 in
907 459 1010 498 diem

318 523 491 570 Dixisse,
510 523 601 560 Vixi
617 538 627 561 ε
647 537 731 562 cras
749 524 811 561 vel
829 531 916 562 atra

371 587 487 626 Nube
504 588 635 639 polum
654 587 772 626 Pater
789 595 994 640 occupato,

266 718 341 756 Vel
359 718 439 756 sole
458 731 556 769 puro
571 732 581 756 ε
600 732 679 757 non
697 726 825 757 tamen
843 719 1006 766 irritum,

267 783 537 835 Quodcunque
556 790 660 822 retro
677 791 750 830 est,
768 783 930 827 efficiet;
948 796 1076 836 neque

316 848 518 898 Diffinget,
538 847 802 899 infectumque
819 848 972 896 reddet,

368 912 484 955 Quod
501 911 655 963 fugiens
673 913 792 951 semel
809 913 906 952 hora
922 913 1042 952 vexit.

265 1041 448 1088 Fortuna,
467 1055 582 1081 saevo
599 1043 701 1081 laeta
718 1043 890 1094 negotio,
909 1051 950 1082 et

263 1107 418 1145 Ludum
437 1107 664 1145 insolentem
683 1107 818 1145 ludere
835 1107 1030 1159 pertinax,

315 1171 564 1210 Transmutat
581 1172 749 1210 incertos
767 1172 947 1220 honores,

367 1236 484 1275 Nunc
501 1236 609 1283 mihi,
627 1250 732 1275 nunc
750 1237 814 1275 alii
832 1237 1015 1288 benigna.

262 1366 400 1405 Laudo
419 1373 639 1405 manentem
653 1380 665 1403 t
683 1367 714 1404 si
734 1368 881 1405 celeres
900 1367 1024 1419 quatit

263 1431 430 1476 Pennas,
448 1431 603 1481 resigno
621 1443 719 1481 quae
738 1431 862 1477 dedit,
879 1438 921 1469 et
937 1443 1026 1469 mea

314 1494 467 1532 Virtute
485 1507 546 1531 me
566 1493 730 1541 involvo,
744 1494 983 1546 probamque

364 1559 594 1611 Pauperiem
612 1559 695 1596 sine
713 1558 805 1597 dote
823 1571 980 1611 quaero.

263 1691 356 1729 Non
373 1696 432 1728 est
449 1693 591 1736 me'um,
611 1689 642 1726 si
660 1689 809 1740 mugiat
827 1688 976 1727 Africis

262 1757 393 1794 Malus
410 1754 604 1807 procellis,
623 1754 672 1791 ad
690 1753 847 1791 miseras
864 1766 1002 1805 preces

314 1821 548 1864 Decurrere,
567 1826 607 1856 et
624 1818 723 1856 votis
740 1818 900 1870 pacisci,

365 1883 427 1921 Ne
447 1882 614 1935 Cypriae
634 1882 853 1934 Tyriaeque
870 1893 1020 1921 merces

263 2012 423 2052 Addant
441 2025 554 2051 avaro
573 2012 724 2051 divitias
741 2013 848 2050 mari.

264 2079 375 2117 Tunc
394 2091 469 2124 me,
487 2077 643 2115 biremis
660 2077 852 2129 praesidio
869 2076 1052 2128 scaphae,

314 2143 458 2181 Tutum
475 2155 545 2194 per
563 2143 744 2193 Aegaeos
762 2141 949 2179 tumultus

364 2208 472 2246 Aura
488 2206 603 2255 feret,
620 2206 872 2259 geminusque
891 2205 1043 2245 Pollux.
