1370 2574
519 278 833 320 CARMINUM
884 279 917 319 Ι.

288 390 527 429 Luctantem
547 390 682 428 Icariis
701 390 887 430 fluctibus
905 391 1088 432 Africum

290 455 493 494 Mercator
512 464 705 502 metuenS,
734 456 857 494 otium
876 464 916 495 et
935 444 1068 510 oppidi

289 520 445 559 Laudat
462 533 554 558 rura
571 520 656 558 sui:
683 534 778 558 mox
796 521 923 560 reficit
940 529 1044 560 rates

292 587 475 633 Quassas,
503 586 681 625 indocilis
698 588 924 641 pauperiem
942 588 1035 639 pati.

293 650 379 698 Est,
399 651 464 702 qui
483 664 557 689 nec
575 651 718 690 veteris
735 652 877 703 pocula
894 652 1070 700 Massici,

293 716 380 754 Nec
398 723 550 767 partem
569 716 693 754 solido
712 716 870 756 demere
889 717 939 756 de
958 717 1036 765 die,

295 780 452 831 Spernit
467 795 477 824 ;
503 793 609 818 nunc
626 780 738 818 viridi
756 781 930 820 membra
946 782 1018 820 sub
1037 781 1176 820 arbuto

226 865 230 868 ·
297 845 462 891 Stratus,
489 858 595 883 nunc
613 845 663 883 ad
680 858 803 897 aquae
822 846 910 884 lene
929 853 1048 898 caput
1065 859 1212 886 sacrae.
1257 888 1261 893 <
1330 869 1335 877 ⁴

293 908 443 946 Multos
463 916 590 947 castra
603 911 756 960 juvant,
784 910 939 964 etii-tuo
957 911 1076 949 tubae
1134 949 1137 953 ,
1186 934 1191 964 J
1257 912 1262 920 ’

294 973 518 1011 Permixtus
537 974 699 1020 sonitus,
727 974 922 1027 bellaque,
940 975 1127 1013 matribus

293 1038 514 1076 Detestata.
541 1036 680 1076 Manet
699 1039 889 1094 sglgjove
906 1039 1051 1092 frigido

292 1103 482 1149 Venator,
501 1110 660 1141 tenerae
681 1104 860 1155 conjugis
877 1104 1106 1149 immemor;

295 1167 375 1205 Seu
391 1167 474 1205 visa
491 1174 551 1204 est
569 1167 707 1206 catulis
725 1181 841 1206 cerva
857 1168 1051 1215 fidelibus,

296 1233 374 1271 Seu
394 1232 498 1283 rupit
516 1240 662 1271 teretes
682 1233 837 1271 Marsus
855 1246 950 1285 aper
966 1234 1114 1286 plagas.

294 1298 364 1335 Me
383 1297 586 1335 doctarum
604 1298 773 1349 hQae
791 1297 963 1349 praemia
979 1298 1166 1337 frontium
1208 1290 1241 1327 Γῆ
1254 1304 1269 1321 ’«

295 1362 370 1400 Dis
388 1361 554 1399 miscent
571 1362 745 1413 superis;
771 1376 835 1401 me
853 1363 1024 1414 gelidum
1042 1373 1193 1409 nemuS,

294 1426 643 1477 Nympharumque
661 1427 766 1478 leves
785 1441 874 1466 cum
894 1427 1042 1479 Satyris
1060 1427 1168 1466 chori

296 1490 517 1528 Secernunt
534 1490 679 1541 populo
695 1505 705 1528 ε
732 1491 764 1528 si
783 1504 911 1542 neque
929 1491 1043 1530 tibias

295 1554 470 1605 Euterpe
490 1553 661 1602 cohibet,
679 1568 754 1594 nec
773 1555 1030 1608 Polyhymnia

294 1618 493 1657 Lesboum
512 1618 658 1670 refugit
676 1621 838 1659 tendere
856 1620 1047 1659 barbiton.

297 1683 415 1726 Quod
432 1682 463 1720 si
482 1695 549 1720 me
563 1682 716 1735 Lyricis
734 1686 885 1724 vatibus
903 1684 1052 1730 inseris,

301 1746 462 1786 Sublimi
480 1746 615 1786 feriam
634 1750 760 1788 sidera
777 1750 935 1788 vertice.

597 1952 849 1976 u
