1370 2574
177 276 254 317 140
476 273 789 315 CARMINUM
840 275 911 316 1v⁴

280 384 434 423 Cuncta
450 383 611 423 festinat
627 397 786 423 manus:
814 385 893 424 huc
910 391 952 424 et
969 385 1061 424 illuc

280 449 479 489 Cursitant
490 450 637 488 mixtae
651 450 781 501 pueris
793 451 968 504 puellae:

280 513 486 552 Sordidum
504 514 680 552 flammae
699 514 895 566 trepidant
913 523 1084 555 rotantes

482 578 642 618 Vertice
658 578 820 618 fumum.

276 708 334 748 Ut
350 716 481 750 tamen
499 708 618 757 noris,
636 709 776 761 quibus
791 709 993 752 advoceris

274 772 453 821 Gaudiis‚
479 773 573 813 Idus
591 773 661 812 tibi
680 780 770 814 sunt
786 773 976 824 agendae,

279 838 357 882 Qui
376 838 458 877 dies
475 850 649 878 mensem
668 837 832 878 Veneris
845 837 1018 880 marinae

479 901 607 940 Findit
627 902 835 953 Aprilem:-

268 1033 296 1073 J
299 1045 367 1072 ure
385 1032 581 1072 sollemnis
598 1032 706 1080 mihi,
733 1032 981 1085 sanctiorque

266 1097 398 1138 Paene
418 1096 535 1137 natali
553 1096 724 1148 proprio,
753 1097 858 1148 quod
873 1109 926 1138 ex
944 1098 1020 1142 hac

267 1161 380 1201 Luce
399 1161 612 1201 Maecenas
629 1174 740 1202 meus
757 1161 957 1209 affluentes

479 1226 644 1267 ordinat
660 1238 796 1268 annos.

268 1357 501 1408 Telephum,
521 1370 636 1408 quem
654 1364 698 1395 tu
715 1357 829 1408 petis,
848 1357 1066 1410 occupavit,

266 1421 358 1458 Non
377 1428 467 1458 tuae
487 1422 598 1458 sortis
612 1424 811 1471 juvenem,
838 1422 969 1472 puella

264 1485 387 1523 Dives
405 1492 445 1522 et
462 1485 616 1532 lasciva,
644 1492 830 1536 tenetque
848 1492 959 1536 grata

471 1549 670 1601 Compede
688 1549 876 1590 vinctum.

266 1680 405 1717 Terret
423 1679 622 1718 ambustus
640 1679 845 1718 Phaethon
862 1692 996 1719 avaras

267 1744 363 1795 Spes
378 1759 388 1787 ;
417 1751 456 1782 et
475 1744 697 1795 exemplum
715 1757 833 1795 grave
851 1745 1012 1795 praebet
1028 1744 1109 1784 ales

264 1808 450 1859 Pegasus,
478 1815 678 1846 terrenum
696 1807 869 1859 equitem
886 1816 1067 1860 gravatus
1113 1821 1117 1826 ·

468 1872 826 1924 Bellerophontem,

262 2001 424 2051 Semper
443 2008 486 2041 ut
504 2009 544 2039 te
564 2001 682 2052 digna
699 2015 877 2054 sequare,
895 2009 950 2048 et,
969 2002 1071 2041 ultra

259 2066 387 2108 Quam
405 2065 497 2103 licet
515 2079 671 2116 sperare
691 2067 798 2105 nefas
816 2066 1004 2117 putando,

257 2129 463 2182 Disparem
483 2130 593 2168 vites.
622 2132 711 2182 Age
725 2134 821 2182 Jam,
840 2144 1016 2171 meorum

461 2193 564 2233 Finis
582 2206 771 2242 amorum,
