1370 2574
482 308 752 350 NOTULAE
1064 307 1142 349 227

382 401 429 428 m
456 400 625 427 Eronon
653 397 836 426 LIBRUM.

78 493 107 513 ‘⁴
132 486 259 539 Atqui
276 485 407 525 omnia
423 484 586 532 tentavi,
616 483 690 523 etsi
706 494 847 535 parum
875 479 1109 534 profecerim
1122 495 1134 518 :

77 559 105 579 ‘⁴
135 552 223 591 Nec
240 552 377 604 herba,
402 563 477 589 nec
495 549 608 588 radix
639 562 703 587 me
734 547 901 586 fefellit:
928 547 1137 598 conjugem

78 622 107 642 “
134 615 344 655 indormire
365 614 441 655 feci
466 614 661 653 cubilibus
689 612 818 651 unctis
841 611 1036 650 oblivione
1069 610 1139 664 (iis

78 686 108 706 “
135 681 295 720 venenis
309 692 410 732 quae
421 678 655 717 oblivionem
670 677 858 716 inducere
869 674 1038 728 debent)
1056 687 1138 714 om-

79 751 108 770 “
134 746 242 784 nium
259 745 443 798 pellicum
455 745 498 782 θ’
525 743 606 781 sive
637 743 687 781 de
705 743 790 794 ipso
809 740 928 788 Varo,
956 740 1135 791 verisque

78 812 287 858 cubilibus,
306 809 591 861 intelligamus3
617 808 697 845 sive
730 806 858 860 (quod
888 806 1019 858 potius
1048 817 1138 843 reor

77 884 240 929 propter
256 888 319 913 vv.
336 877 402 921 81,
421 874 507 926 82.)
539 873 588 911 de
608 874 691 923 ejus
720 871 903 923 imagine,
930 878 971 908 et
1000 868 1139 908 cubili-

77 944 151 982 bus
169 939 372 980 simulatis.
424 937 487 976 lta
507 936 707 976 Simaetha
734 935 839 987 apud
868 934 1138 980 Theocritum,

78 1004 288 1058 Delphidis
306 1002 493 1049 animum,
524 1014 549 1040 a
575 1013 618 1039 se
647 1000 871 1046 alienatum,
903 1011 1138 1050 recuperare

79 1077 250 1116 tentans,
269 1067 320 1106 ad
337 1068 434 1105 ritus
447 1066 621 1118 magicos
636 1064 869 1104 oblivionem
883 1064 1034 1116 pellicis
1045 1075 1138 1102 suae

80 1135 311 1173 inducentes
330 1131 522 1182 confugit,
549 1138 590 1170 et
606 1131 663 1169 sic
681 1137 886 1182 precatur:

128 1208 176 1243 135
194 1216 265 1253 τςις
282 1195 492 1241 arumde,
518 1214 579 1235 w
598 1214 669 1250 rges
685 1194 766 1235 ταδί
783 1213 905 1235 torua
923 1200 1027 1243 φανέρ’.

130 1275 210 1305 Em
228 1283 316 1314 γυναι
333 1283 413 1316 nugo
431 1275 699 1318 rugatum-rae,
717 1280 778 1302 ατε
794 1280 855 1302 nou
872 1280 966 1316 ang,

128 1342 255 1372 Tem!
274 1349 346 1383 ιχοι
366 1338 489 1375 Mas,
510 1334 603 1370 Sea-on
621 1348 717 1369 ertu
736 1338 858 1369 ene-sa
876 1339 978 1379 φιηι

129 1408 175 1439 Er
193 1406 263 1439 Am
281 1402 425 1450 λιθὶἶμιεν
443 1409 648 1449 sarz-napa
665 1395 847 1451 Αςιιῦηις.

315 1472 317 1474 ’
804 1463 879 1503 Ειδ.
901 1473 941 1503 Β.
962 1467 1028 1503 4-3.

121 1532 170 1570 V.
189 1534 253 1575 71.
273 1533 374 1570 Tum
389 1531 564 1571 venefica
577 1531 634 1569 sic
647 1531 779 1582 pergit
789 1543 801 1567 t
813 1535 842 1554 “
855 1530 1038 1569 Carmina
1048 1543 1138 1570 mea

81 1603 109 1623 ‘⁴
134 1598 189 1636 nil
202 1598 332 1636 valere
344 1597 469 1635 video.
510 1596 635 1634 Varus
650 1595 838 1642 ambulat,
856 1595 1005 1633 solutus
1021 1608 1139 1635 vene-

79 1667 107 1687 “
133 1662 231 1701 ficae
259 1660 477 1700 scientioris
506 1660 692 1698 carmine.
755 1659 951 1702 Quoniam
979 1673 1059 1698 non
1088 1660 1141 1699 ad

78 1732 106 1752 “
133 1739 196 1765 me
207 1738 398 1772 recurres,
404 1725 521 1772 Vare,
533 1724 757 1776 potiom'bus
768 1723 933 1771 usitatis,
941 1737 1016 1763 nec
1026 1738 1138 1764 mens

80 1797 108 1816 “
135 1790 399 1830 tua-sanitas
429 1788 780 1835 mentis—redibit,
834 1788 977 1827 Marsis
1019 1790 1138 1829 etiam

77 1862 106 1881 “
131 1855 293 1894 vocibus
324 1861 533 1898 revocata3
559 1866 655 1905 ergo
687 1856 812 1904 majus
843 1854 1036 1905 parabo,'’
1063 1858 1136 1894 ὅτε.

77 1919 145 1958 Ad
162 1920 264 1958 hanc
283 1919 474 1956 rationem
504 1924 631 1956 totum
650 1918 779 1956 locum
807 1918 1135 1970 interpunximus‚

77 1997 192 2036 quem
210 1991 304 2022 vett.
323 1983 553 2022 scholiastae
576 1991 616 2021 et
630 1983 799 2021 editores
817 1982 935 2021 etiam
954 1983 1134 2023 doctissi-

76 2049 131 2086 mi
149 2061 196 2088 ac
213 2048 424 2099 nuper-rimi
442 2048 559 2099 longe
576 2048 690 2086 aliter
707 2048 1026 2099 interpretantur.
1058 2049 1133 2088 Pe-

75 2125 145 2150 nes
162 2112 350 2150 lectorem
364 2112 556 2163 judicium
570 2119 667 2151 esto.

145 2177 208 2217 87.
270 2175 348 2214 Pro
376 2189 516 2215 venena
544 2191 732 2230 magnum,
774 2177 902 2219 Bentl.
933 2179 1133 2232 ingeniose

74 2241 180 2291 conj.
205 2254 346 2279 venena
364 2241 521 2294 magica.
