1370 2574
160 316 237 353 190
551 309 820 351 NOTULAE

433 403 480 430 m
507 402 593 429 mn.
621 403 650 428 1.
677 400 930 430 mmmmm.

207 490 469 542 Insignemque
485 502 564 527 meo
581 488 697 541 capiti
705 494 836 541 petere
854 498 956 526 lunt
976 499 1164 535 coronam,

217 555 324 594 Unde
333 553 446 607 prius
463 552 559 592 nulli
576 551 747 591 velarunt
764 559 927 606 tempora
944 566 1081 591 musae.

867 617 956 657 Lib.
973 617 1045 656 1V.
1062 617 1187 656 initio.

157 711 359 750 Sententia
376 711 494 763 igitur
511 711 626 762 hujus
644 710 720 749 loci
738 709 974 749 vexatissimi
991 710 1088 748 erit:
1110 709 1211 747 Sunt

154 778 309 828 poetae,
329 777 394 828 qui
413 777 451 814 in
470 777 546 815 hoc
565 790 643 815 uno
655 783 745 814 sunt
764 775 958 826 occupati,
973 782 1017 813 ut
1033 775 1210 812 Athena·

155 854 241 878 rum
259 854 385 887 arces,
406 841 552 880 Palladi
571 854 714 888 sacres,
727 840 891 879 carmine
893 845 1089 892 perpetuo,
1106 837 1211 890 quod

155 919 289 944 omnes
300 906 542 944 Athenarum
554 907 689 945 laudes
701 906 749 944 ab
758 905 863 943 urbis
874 903 1092 956 primordiis
1105 913 1211 942 com-

154 971 363 1023 plectatur,
387 971 612 1016 celebrent;
639 979 757 1022 atque
782 981 942 1007 FRONTI
967 983 1057 1007 suae
1080 979 1213 1007 PRAE-

147 1043 295 1089 ponant
313 1036 460 1084 olivam,
481 1037 599 1089 capiti
618 1050 688 1075 suo
707 1036 908 1087 imponant
926 1047 1109 1074 coronam
1132 1034 1211 1074 ole-

155 1102 324 1153 aginam‚
345 1115 450 1141 mm:
469 1103 691 1155 decerptam,
727 1114 777 1139 ex
797 1101 1047 1139 Athenarum,
1059 1100 1214 1138 arcibus

156 1167 395 1219 decerptam,
411 1167 597 1219 Acropoli
609 1166 850 1219 praesertim,
865 1166 932 1204 ubi
942 1165 1121 1216 religiose
1133 1177 1212 1202 ser-

156 1234 346 1271 vabantur
365 1234 489 1280 oleae,
520 1233 724 1271 Minervae
759 1245 906 1280 sacrae,
935 1249 1050 1286 fucum
1081 1231 1213 1283 appel-

158 1298 272 1337 latae.
292 1303 320 1322 ‘⁶
337 1299 436 1336 Sunt
455 1298 519 1349 qui
539 1297 578 1335 in
591 1298 667 1336 hoc
686 1310 765 1335 uno
782 1304 873 1336 sunt
890 1297 1086 1350 occupati,
1100 1303 1144 1334 ut
1157 1296 1214 1334 A·

158 1368 185 1387 “
204 1364 340 1402 thenas
359 1363 573 1409 celebrent,
593 1370 634 1400 et
654 1375 774 1409 INDE,
793 1362 872 1400 sive
891 1376 942 1400 ex
963 1362 1131 1400 Athenis
1149 1373 1214 1400 ce-

158 1432 184 1451 “
205 1427 376 1473 lebraffls,
403 1427 544 1465 famam
577 1435 616 1465 et
648 1428 812 1478 gloriam
841 1427 914 1465 sibi
946 1427 1215 1478 comparent-’³

157 1490 338 1543 INDEque
356 1492 472 1530 etiam
492 1492 593 1529 inter
611 1492 798 1530 doctorum
815 1493 1044 1545 conjecturas
1061 1498 1098 1529 et
1115 1492 1215 1530 vari-
1260 1530 1263 1533 .

157 1570 200 1594 as
217 1557 388 1595 lectiones
418 1557 537 1594 habet
555 1557 674 1596 editio
697 1557 736 1595 J.
754 1557 890 1604 Jones,
921 1568 1021 1608 quae
1046 1555 1215 1595 Londini

101 1659 104 1661 ,
158 1621 198 1658 in
216 1622 344 1660 lucem
363 1622 506 1673 prodiit
525 1635 627 1660 anno
649 1624 762 1663 1736.
808 1621 887 1660 Sed
905 1627 1034 1660 utrum
1052 1634 1103 1659 ex
1122 1634 1215 1660 con·

153 1687 321 1736 jectum,
341 1678 390 1725 ah
410 1687 591 1725 codicum
610 1686 856 1733 auctoritate,
875 1685 1067 1724 incertum
1091 1693 1163 1724 est.

211 1751 294 1789 Cel.
314 1752 514 1789 Bentleius
529 1752 643 1790 codd.
659 1752 892 1802 scriptorum
907 1751 1130 1798 lectionem,
1146 1764 1214 1789 un-

157 1815 268 1866 dique
287 1816 494 1868 decerptam
513 1817 565 1854 ita
583 1805 875 1867 interpretatur,
909 1821 936 1840 “
957 1816 1046 1855 Hoc
1065 1822 1138 1863 est,
1163 1829 1215 1855 ex

159 1885 185 1902 “
206 1894 253 1918 eo
271 1889 500 1930 argumento
519 1882 777 1932 unde-quaque
807 1881 999 1919 exhausto
1030 1893 1214 1919 coronam

159 1948 186 1966 “
204 1944 277 1982 sibi
295 1944 488 1994 poeticam
523 1944 712 1996 quaerere
725 1947 766 1983 :''
795 1959 957 1996 eamque
988 1945 1217 1996 interpreta-

159 2009 305 2047 tionem
325 2017 365 2046 et
383 2010 589 2047 lectionem
610 2011 788 2048 omnibus
808 2009 952 2061 ingenii
969 2009 1112 2047 viribus
1131 2015 1215 2047 tue—

160 2083 222 2113 tur
241 2082 327 2125 post
349 2074 585 2113 Turnebum.
642 2075 718 2112 Sed
746 2075 907 2126 undique
924 2075 1130 2127 decerptam
1156 2087 1216 2113 es·

159 2146 220 2176 set
238 2153 281 2176 ex
300 2138 462 2176 omnihus
482 2137 569 2176 locis
588 2138 828 2190 decerptam,
849 2139 1042 2190 quomodo
1066 2152 1116 2178 ex
1138 2147 1216 2178 vet.

160 2203 366 2242 scholiaste
382 2203 658 2254 interpretatur
673 2203 878 2242 Baxterus.
903 2204 1090 2244 Horatius
1104 2204 1213 2257 alibi:
