1370 2574
136 273 215 311 232
539 271 810 314 NOTULAE

441 366 487 391 IN
518 362 684 391 EPODON
712 363 897 392 LIBRUM.
963 376 973 382 ·

137 463 331 505 quaquam
347 451 449 489 idem
468 450 572 488 valet
590 457 708 502 atque
741 450 832 489 exiit
862 464 907 488 ex
937 440 1091 498 ossibus,
1119 461 1200 505 quo

137 526 266 556 tamen
287 529 403 555 sensu
423 529 445 554 a
474 515 653 554 Bentleio
672 522 878 567 acceptum
898 523 970 555 est.
991 533 995 536 ·
1022 515 1197 556 Verbum

135 583 304 634 relinquo
323 582 415 620 satis
434 581 661 633 frequenter
679 580 822 619 dicitur
841 581 890 619 de
909 580 956 619 iis
974 594 1074 634 quae
1093 581 1198 633 quis-

137 661 253 700 quam
272 648 406 686 abiens
424 661 498 684 non
517 659 635 684 secum
655 646 795 697 affert,
815 646 979 699 sedpost
991 660 1032 685 se
1047 661 1199 685 manere

134 714 254 758 simut,-
284 720 342 759 ut,
369 711 474 763 apud
493 711 740 758 Ciceronem,
768 710 920 763 reliquit
937 711 1029 750 mihi
1058 711 1125 750 hoc
1153 725 1196 749 u-

76 786 80 787 ’
133 794 219 818 num
238 778 424 824 solatium,
453 777 479 814 i.
498 789 533 814 e.
562 789 673 813 unum
692 781 851 823 tantum,
878 776 958 814 sive
973 775 1069 815 nihil
1079 786 1197 828 prae—

133 852 190 884 ter
208 858 350 898 unumg
370 843 455 880 -hoc
486 842 611 879 solum
641 854 719 878 non
751 841 936 885 abstulit3
964 841 1042 879 hoc
1070 841 1196 879 solnm

133 923 292 948 manere
319 908 419 946 sivit.
487 906 637 944 Eodem
670 919 827 956 prorsus
859 905 981 944 modo
1006 905 1197 944 Horatius

132 975 196 1014 hic
212 989 222 1012 z
249 974 454 1016 Juventas‚
482 979 524 1009 et
556 972 688 1018 rubor,
724 971 895 1022 fugiens,
935 971 1016 1009 sive
1047 970 1196 1017 abiens,

131 1039 288 1091 reliquit
306 1051 393 1076 ossa
411 1044 562 1075 tantum
582 1037 686 1088 pelle
701 1036 845 1075 amicta
857 1035 1011 1074 lurida:
1029 1035 1106 1074 hoc
1120 1042 1195 1082 est,

131 1104 256 1143 omnis
286 1103 459 1154 corporis
478 1101 588 1153 vigor
619 1109 659 1139 et
688 1100 956 1153 pulchritudo,
983 1108 1197 1152 ceteraque

131 1183 230 1222 quae
246 1171 449 1220 juventam
477 1167 655 1205 comitari
673 1166 816 1212 solent,
847 1178 923 1203 una
954 1177 1044 1204 cum
1075 1164 1194 1202 rubro

130 1236 261 1274 colore
280 1233 483 1276 abierunt3
512 1245 640 1283 neque
668 1231 878 1282 quicquam
900 1231 983 1280 Jam
1012 1229 1192 1268 relictum

129 1306 285 1351 praeter
304 1310 390 1336 ossa
408 1296 511 1348 pelle
544 1296 689 1335 amicta
707 1295 845 1334 lurida.
911 1294 978 1334 Sic
1007 1294 1192 1333 Plautus:

127 1366 262 1417 Agnus
280 1377 361 1402 ossa
381 1368 493 1414 atque
503 1361 620 1414 pellis
647 1367 745 1400 totus
762 1367 831 1408 est,
859 1360 914 1399 ita
942 1373 1035 1399 cura
1063 1366 1192 1398 macet.

127 1430 222 1469 Aul.
241 1428 316 1466 ΙΙΙ.
335 1430 373 1466 6.
402 1427 465 1465 Ita
476 1434 639 1478 accepta
653 1426 773 1464 lectio
786 1426 946 1477 vulgata
959 1425 1117 1464 omnino
1132 1437 1190 1462 sa-

125 1507 175 1532 na
193 1493 359 1532 videtur.
414 1491 465 1529 G.
485 1490 718 1538 Wakefield,
744 1494 834 1542 post
853 1489 1053 1540 CunIngh.
1071 1489 1190 1527 inter-

124 1559 266 1612 punxit
296 1564 385 1610 post
414 1555 583 1608 reliquit,
621 1563 664 1594 ut
696 1555 951 1594 subaudiatur
979 1567 1050 1601 me,
1077 1561 1119 1593 et
1150 1553 1188 1590 in

126 1638 235 1676 seqq.
262 1628 372 1661 sunt.-
392 1635 474 1660 ossa
493 1629 583 1659 sunt
595 1620 695 1674 pelle
712 1619 848 1659 amicta
866 1618 1005 1657 luridd.
1044 1619 1100 1657 At
1117 1628 1190 1670 pro

124 1690 235 1729 nobis
250 1695 326 1727 stat
345 1686 475 1726 Ovidii
495 1687 682 1731 imitati03
710 1685 777 1738 qui
796 1685 853 1724 sic
870 1684 1009 1723 affatur
1028 1679 1188 1736 Cupidi-

125 1768 239 1793 nem:

177 1845 281 1890 Quid
282 1846 399 1898 juvat
417 1843 457 1882 in
477 1842 586 1880 nudis
603 1841 755 1880 hamata
774 1841 973 1879 retundere
989 1839 1065 1879 tela

176 1909 359 1950 Ossibus?
385 1920 489 1946 OSSA
509 1906 601 1945 mihi
620 1918 741 1945 NUDA
763 1917 974 1947 Rstm'r
999 1920 1118 1945 amor.

827 1972 920 2010 Am.
938 1969 1011 2008 IX.
1042 1973 1104 2018 13,
1126 1969 1186 2009 14'.

159 2052 288 2092 XVII.
301 2055 364 2091 353.
385 2051 588 2089 Editiones
602 2058 756 2088 veteres
769 2062 894 2096 urens,
909 2056 950 2088 et
959 2051 1083 2100 major
1097 2061 1186 2100 pars

123 2119 245 2158 MSS.
272 2116 392 2156 Multi
411 2116 558 2154 habent
576 2115 713 2161 virens,
734 2114 839 2152 unde
859 2114 989 2158 Bentl.v
1008 2114 1185 2167 conjsvi-

123 2196 219 2222 vens.
275 2182 338 2220 Ex
358 2180 625 2220 Torrentianis
644 2180 807 2231 aliquot,
841 2186 882 2217 et
913 2178 1120 2218 Pulmanni
1140 2191 1183 2217 u·
