1370 2574
164 271 214 309 18

489 270 805 313 CARMINUM
855 272 889 313 1.

368 379 482 420 Tunc
499 394 574 421 nec
590 396 701 422 mens
719 383 828 431 mihi,
855 394 930 424 nec
945 383 1056 423 'color

266 445 385 484 Certa
401 445 494 484 sede
512 453 669 490 manet3
695 445 835 485 humor
853 453 894 485 et
911 446 952 484 in
968 459 1089 499 gem

368 508 516 548 Furtim
534 510 690 557 labitur,
717 523 885 562 arguens

264 575 391 618 Quam
409 574 524 613 lentis
541 576 697 627 penitus
714 588 891 614 macerer
907 575 1073 628 ignibus.

367 639 486 687 Uror,
513 653 583 679 seu
600 640 672 679 tibi
691 639 877 678 candidos

264 703 490 756 Turparunt
507 706 690 744 humeros
708 703 939 743 immodicae
957 717 1068 744 mero

367 769 518 815 Rixae;
543 770 623 808 sive
641 783 739 821 puer
755 768 888 808 furens

262 833 463 886 Impressit
480 847 692 872 memorem
711 834 831 872 dente
842 832 965 872 'labris
983 839 1128 872 notam.

369 898 473 946 Non,
501 899 533 936 si
551 912 613 936 me
631 899 724 937 satis
741 898 890 945 audias,

263 963 405 1015 Speres
422 970 668 1015 perpetuum,
696 962 826 1001 dulcia
842 961 1006 1001 barbare

366 1027 610 1066 Laedentem
627 1028 774 1074 oscula,
802 1039 902 1079 quae
920 1026 1055 1066 Venus

210 1092 214 1097 '
263 1092 412 1135 Quinta
421 1099 532 1144 parte
550 1092 610 1130 sui
628 1091 797 1131 nectaris
814 1090 966 1130 imbuit.

368 1155 518 1195 Felices
536 1163 598 1195 ter
614 1163 657 1194 et
674 1155 854 1207 amplius,

264 1223 374 1264 Quos
392 1222 542 1273 irrupta
559 1228 669 1259 tenet
688 1220 843 1271 copula,
869 1231 944 1258 nec
962 1219 1072 1259 malis

370 1285 557 1324 Divulsus
576 1284 826 1336 querimoniis

266 1351 456 1402 Suprema
473 1349 588 1388 citius
605 1349 730 1387 solvet
746 1360 855 1386 amor
872 1347 949 1387 die.

542 1490 671 1530 ·0DE
726 1490 837 1528 XIV.

482 1594 543 1620 AD
572 1592 902 1620 REMPUBLICAM.

266 1674 303 1712 Ο
324 1684 471 1719 ΝΑνιε,
498 1671 670 1711 referent
688 1672 728 1709 in
745 1683 852 1711 mare
869 1678 910 1710 te
928 1671 1018 1710 novi

266 1738 456 1777 Fluctus?
487 1736 541 1774 O!
560 1736 655 1788 quid
672 1736 780 1787 agis?
809 1736 962 1774 fortiter
979 1742 1129 1788 occupa

368 1802 544 1841 Portum.
598 1800 740 1839 Nonne
759 1800 881 1847 vides,
909 1807 953 1838 ut

422 1866 583 1905 Nudum
601 1865 763 1918 remigio
782 1865 897 1912 latus,

266 1996 321 2035 Et
338 1996 474 2042 malus,
494 1996 612 2034 celeri
630 1994 783 2034 saucius
802 1993 953 2040 Africo,

270 2062 555 2111 Antennaeque
573 2066 746 2110 gemant,
773 2071 820 2097 ac
837 2057 920 2097 sine
937 2055 1092 2097 funibus

368 2125 447 2163 Vix
466 2124 605 2163 durare
624 2124 778 2162 carinae

421 2188 577 2229 Possint
595 2187 837 2242 imperiosius
