1370 2574
511 292 781 334 NOTULAE
1099 296 1168 334 181

404 384 453 412 nu
478 384 566 411 mn.
592 384 620 411 1.
647 381 899 411 minumum.

123 469 193 510 sic
211 468 373 508 Ovidius
386 483 398 507 ε

178 565 257 604 Hic
273 564 371 603 locus
388 564 553 618 exiguus,
568 564 634 616 qui
648 562 803 602 sustinet
822 574 961 600 Aram
982 561 1171 613 Vns-rut,

231 629 336 668 Tunc
352 635 434 668 erat
450 629 589 668 intonsi
606 639 736 666 mecm
755 641 890 680 magna
910 627 1086 666 Numa.

814 691 916 730 Fast.
934 691 1005 728 VI.
1030 693 1121 731 263.

174 762 230 808 11.
257 772 320 811 31.
367 769 572 809 Candentes
603 770 749 808 habent
769 769 886 808 MSS.
906 769 1068 820 Cruquii
1090 781 1172 806 om-

123 846 207 882 neS,
225 842 265 873 et
282 833 443 874 aliorum
462 835 702 886 complures;
732 833 917 873 Candenti
941 833 1018 871 alii.
1073 833 1171 871 Can-

122 898 248 938 dentes
266 899 456 946 dedimus,
488 899 513 937 i.
531 912 567 937 e.
584 899 781 951 pulchros,
804 898 988 945 nitentes,
1019 897 1172 948 fulgen-

122 969 195 1002 tes.
248 964 358 1002 Nube
374 963 527 1002 amictus
547 963 705 1015 Apollo,
732 976 782 1001 ne
799 963 984 1002 mortales
1001 975 1090 1000 eum
1114 962 1171 1000 in·

121 1032 182 1066 ter
199 1027 301 1080 ipsos
318 1035 535 1066 versantem
565 1035 837 1079 agnoscerent.
889 1027 979 1065 Pari
996 1026 1113 1065 modo
1131 1040 1171 1066 a·

120 1090 203 1143 pud
221 1090 423 1143 Virgilium
438 1106 449 1130 ι

124 1187 211 1225 Hoc
236 1188 368 1234 Venus,
400 1199 587 1227 onscmto
588 1187 735 1239 faciem
753 1186 980 1225 circumdata
1000 1198 1154 1234 mimo,

122 1251 286 1291 Detulit.
850 1253 952 1290 Aen.
971 1251 1063 1290 ΧΠ.
1081 1255 1171 1292 416.

122 1347 177 1386 At
204 1349 322 1386 Venus
339 1347 489 1386 obscuro
502 1348 718 1401 gradientes
735 1350 824 1386 aere
839 1348 966 1400 sepsit,

122 1413 174 1450 Et
191 1411 304 1451 multo
323 1425 525 1451 NEBULAE
542 1414 680 1452 circum
703 1413 772 1451 dea
773 1413 890 1464 fidit
907 1425 1093 1460 Amen),

125 1477 286 1517 Cernere
302 1491 349 1516 ne
366 1477 448 1529 quis
466 1491 541 1524 eos,
567 1491 639 1515 neu
656 1478 739 1529 quis
755 1478 970 1530 contingere
979 1485 1118 1530 posset.

882 1545 985 1582 Aen.
1003 1544 1036 1582 Ι.
1053 1547 1144 1583 411.

200 1622 263 1659 39.
335 1620 472 1657 Mauri
500 1620 613 1658 codd.
643 1627 684 1657 et
717 1620 806 1658 edd.
838 1633 972 1659 omnes
1015 1629 1171 1672 praeter

122 1683 391 1721 Zurckianam.
430 1684 508 1722 Sed
527 1684 657 1722 Marsi
670 1684 900 1722 emendabat
916 1685 1013 1722 Tan.
1028 1685 1172 1731 Faber;

121 1760 288 1798 eumque
307 1748 430 1786 secuti
449 1758 538 1786 sunt
556 1748 701 1787 Dacer.
733 1748 862 1787 Bentl.
894 1749 995 1787 Cun.
1029 1750 1171 1790 Sanad.

121 1812 198 1850 alii.
232 1812 416 1851 Rationes
444 1813 664 1851 acutissime
703 1812 884 1864 exposuit
913 1813 1041 1852 Bentl.
1092 1815 1171 1854 Sed

121 1876 234 1914 nimis
251 1876 379 1914 audax
399 1885 438 1915 et
464 1878 667 1915 temeraria
684 1877 782 1915 haec
811 1877 1032 1916 emendatio
1063 1879 1169 1918 vide-

121 1948 198 1987 tur,
216 1948 255 1979 et
273 1940 429 1979 minime
448 1942 676 1989 necessaria.
707 1942 816 1980 Bene
834 1941 937 1979 enim
955 1941 1073 1980 habet
1090 1942 1170 1981 lec-

119 2004 175 2042 tio
192 2004 360 2055 vulgata,
379 2006 513 2044 sicum
533 2006 605 2044 cel.
619 2005 708 2044 Jani
728 2006 1013 2058 interpreteris:
1040 2014 1069 2032 ‘⁸
1089 2007 1169 2045 Ro-

122 2074 148 2092 “
167 2082 300 2107 manus
319 2082 438 2121 eques
465 2070 646 2122 Maurum
678 2070 860 2122 opprimit
880 2071 1045 2123 peditem
1077 2072 1116 2110 h.
1134 2085 1169 2111 e.

122 2138 148 2156 “
168 2133 232 2184 qui
250 2133 311 2171 vel
329 2133 378 2171 de
398 2134 574 2185 peditatu
593 2143 665 2181 est,
697 2135 758 2173 vel
777 2148 877 2186 equo
907 2136 1095 2186 dejectus,
1128 2145 1170 2176 et

123 2202 148 2220 “
165 2197 223 2236 sic
240 2197 372 2249 pedes.
425 2197 519 2245 Hic,
538 2211 772 2250 repugnans,
801 2200 840 2238 in
858 2200 1008 2238 hostem
1039 2215 1169 2240 cruen-
