1370 2574
146 265 223 304 136

452 262 768 305 CARMINUM
819 265 892 307 lv.

248 372 291 413 si
309 373 469 414 chartae
486 374 641 423 sileant,
660 376 766 428 quod
782 376 883 417 bene
899 376 1062 426 fenei-is,

246 439 479 478 Mercedem
497 441 647 480 tuleris.
673 442 780 486 Quid
796 442 900 482 foret
916 442 1015 483 Iliae

245 503 517 557 Mavortisque
534 519 646 558 puer,
665 507 697 545 si
716 507 964 549 taciturnitas

247 569 435 608 Obstaret
453 571 604 610 meritis
623 571 754 612 invida
772 572 961 613 Romuli?

246 635 439 687 Ereptum
460 635 606 688 Stygiis
625 637 811 676 fluctibus
833 639 1012 678 Aeacum

247 701 397 748 Virtus,
416 709 457 740 et
475 702 597 749 favor,
617 710 657 740 et
675 702 810 755 lingua
826 704 1048 755 potentium

244 766 389 804 Vatum
410 767 591 805 divitibus
611 774 815 805 consecrat
833 767 979 806 insulis.

242 830 420 882 Dignum
438 831 553 869 laude
571 831 698 869 virum
717 845 827 871 musa
843 840 950 871 vetat
968 833 1092 881 mori;

244 895 366 933 Coelo
384 908 494 933 musa
510 896 616 933 beat.
645 895 711 934 Sic
729 895 839 934 Jovis
857 897 1021 937 interest

243 959 400 1010 Optatis
419 959 545 1011 epulis
564 959 729 1012 impiger
748 958 984 1007 Hercules}

242 1024 402 1062 Clarum
422 1023 671 1076 Tyndaridae
688 1024 796 1066 sidus
812 1026 862 1066 ab
881 1026 1030 1069 infimis

195 1145 198 1148 Α
241 1089 411 1132 Quassas
430 1089 602 1141 eripiunt
620 1090 854 1142 aequoribus
872 1099 976 1133 rates
989 1108 1005 1138 ι
1085 1110 1088 1115 ·

242 1154 414 1193 Ornatus
432 1155 545 1193 viridi
563 1162 740 1207 tempora
757 1157 958 1210 pampino,

240 1217 362 1258 Liber
375 1226 466 1262 vote
482 1220 605 1262 bonos
623 1220 735 1262 ducit
752 1222 805 1262 nd
821 1222 968 1265 exitus·

543 1437 659 1476 ODE
712 1438 786 1476 IX.

517 1580 579 1606 AD
608 1578 818 1608 LoLLnnff.

238 1675 303 1726 Ni:
321 1674 425 1715 forte
441 1674 579 1714 credas
595 1675 814 1722 interitura,
833 1687 952 1728 quae,

236 1740 374 1791 Longe
392 1747 596 1779 sonantem
614 1747 728 1779 natus
746 1740 799 1779 ad
816 1740 1025 1794 Aufidum,

289 1805 381 1844 Non
399 1812 490 1844 ante
508 1805 685 1857 vulgatas
703 1817 774 1857 per
791 1812 897 1844 artes

339 1869 471 1908 Verba
487 1869 626 1922 loquor
640 1869 827 1909 socianda
842 1869 1001 1910 chordis
1011 1884 1029 1918 g

237 2001 342 2047 Non,
362 2001 393 2039 si
411 2001 560 2052 priores
579 2000 787 2040 Maeonius
802 2008 915 2041 tenet

238 2066 359 2106 Sedes
379 2066 590 2113 Homerus,
610 2065 840 2106 Pindaricae
857 2065 999 2114 latent,

289 2131 485 2182 Ceaeque,
504 2138 544 2169 et
563 2130 702 2169 Alcaei
721 2132 906 2178 minaces,

342 2195 631 2249 Stesichorique
649 2209 788 2248 graves
805 2207 1020 2238 camenam
