1370 2574
174 263 249 302 198
567 259 841 301 NOTULAE

452 350 500 378 m
527 350 615 378 1113.
643 350 673 377 1.
700 349 954 379 cARMnmu.

170 449 274 484 orae,
306 436 547 483 metuebant,
574 435 641 488 qui
669 435 840 475 maximo
869 434 1018 475 auxilio
1043 442 1230 477 venturus

169 508 269 549 erat,
297 509 340 540 ut
359 502 567 540 Phraatem
585 501 625 539 in
652 513 818 552 regnum
846 500 1084 540 restitueret.
1135 500 1230 540 Hoc

170 566 386 605 Tiridatem
398 567 517 605 etiam
530 565 716 604 terrebat.
732 565 849 605 Cons-
862 565 891 604 J
892 577 1035 604 οὓτω.
1048 565 1180 604 XLII.
1189 568 1229 608 5.

223 631 372 669 XXVI.
399 635 438 672 9.
482 630 635 684 Pipka,
647 631 710 670 vel
725 630 915 684 Pimplea,
933 631 1080 670 habent
1093 642 1230 670 omnes

170 696 307 748 scripti
344 703 385 735 et
415 696 505 735 edd.
534 702 631 735 vett.
661 694 833 748 Pimplei
871 695 1129 744 emendfirunt
1157 694 1232 734 viri

169 762 293 808 docti,
332 762 566 800 auctoritate
609 760 714 799 Festi
744 759 934 812 Pompeii,
967 761 1077 810 cujus
1112 759 1241 800 verba-

171 834 284 866 sunt:
306 826 538 879 Pimpleides
555 838 690 864 musae
707 824 854 864 afonte
872 824 1132 864 Macedoniae
1150 824 1233 864 dic-

169 899 234 931 tae
264 899 423 944 propter
452 890 612 943 liquoris
644 891 728 941 ejus
768 889 923 929 unicam
963 888 1232 928 subtilitatem.

171 957 391 1009 Porphyrio
409 956 526 995 etiam
547 955 678 994 Schol.
697 955 748 993 ad
775 955 881 993 huuc
914 953 1046 994 Flacci
1073 953 1232 994 locum:

167 1022 400 1076 Pimplefdes
411 1033 546 1060 musae
559 1020 743 1059 dicuntur
761 1033 784 1059 a
799 1019 987 1072 Pimplea,
1014 1019 1125 1058 fonte
1143 1019 1234 1058 Μα-

171 1087 374 1127 cedoniae.
427 1085 546 1126 Unde
565 1084 763 1137 colligitur
780 1084 887 1124 hunc
918 1083 1092 1138 Pimphz*
1115 1083 1234 1125 dulcis

172 1152 266 1191 olim
283 1152 438 1204 legisse.

229 1220 289 1256 10.
342 1221 369 1240 “
388 1216 558 1254 Prosunt
584 1213 625 1252 in
653 1213 849 1266 plerisque
876 1212 987 1252 libris
1016 1219 1154 1258 extat3
1191 1220 1235 1252 et

172 1286 200 1306 ‘⁸
217 1281 311 1320 ferri
329 1280 488 1333 quidem
506 1286 650 1331 potest.
691 1278 839 1317 Verum
857 1291 948 1317 cum
965 1277 1148 1317 Lambini
1165 1277 1235 1317 ali-

174 1351 201 1370 “
221 1353 331 1398 quot,
351 1344 580 1384 Bersmanni
594 1356 708 1390 unuS,
722 1351 765 1382 et
774 1342 1091 1382 Zulichemianus
1101 1350 1236 1382 noster

174 1415 372 1463 “possunt
406 1409 634 1455 exhibeant,
669 1420 750 1446 non
779 1419 985 1459 possumus
1018 1419 1099 1446 non
1129 1406 1233 1452 hanc

174 1481 202 1500 “
220 1475 430 1514 lectionem
450 1473 561 1512 alteri
579 1471 823 1524 praeferre.'’
852 1471 1014 1509 Banu.

225 1539 395 1577 XXVII.
415 1541 451 1577 3.
488 1537 810 1588 verecundumque
822 1534 1027 1582 Bacchum,
1045 1541 1089 1574 ut
1103 1547 1234 1588 supra,

172 1606 206 1643 Ι.
223 1605 331 1643 xviii.
348 1606 386 1645 7.
411 1602 546 1642 Liberi
571 1601 706 1640 modici
734 1613 909 1639 munera.
966 1599 1099 1639 Bentl.
1129 1601 1233 1652 conj.

171 1669 542 1719 inverecundumque,
570 1667 685 1704 male.

225 1737 263 1773 6.
317 1734 483 1771 Immune
507 1737 699 1784 quantum,
726 1730 777 1770 ad
795 1730 1003 1783 exemplar·
1027 1731 1073 1770 τί
1099 1737 1235 1770 οΣΟΝ

132 1850 135 1851 ⁷
175 1800 280 1851 apud
297 1798 485 1836 Graecos.

231 1866 290 1903 19.
338 1862 428 1901 Non
447 1861 584 1900 dubito
613 1861 708 1913 quin
726 1873 778 1899 ex
797 1861 912 1900 codd.
930 1861 1130 1913 plerisque
1156 1860 1238 1913 legi

173 1929 331 1974 debeat,
363 1927 512 1970 Quanta
541 1937 805 1964 LABonABAs
828 1926 1033 1978 Charybdi,
1059 1927 1140 1965 sive
1169 1939 1236 1965 ao·

177 1993 363 2044 cipiamus
382 1992 552 2038 deloco,
589 1991 670 2030 sive
688 1991 738 2029 de
767 2003 896 2038 causa,
928 1991 1083 2030 laboris.
1152 1991 1236 2030 Cel.

176 2057 306 2097 BentL
325 2063 368 2093 ut
396 2056 507 2094 nobis
523 2056 692 2102 videtur,
725 2055 827 2094 male
857 2062 992 2094 tuetur
1022 2055 1235 2094 lectionem

177 2122 387 2173 vulgatam,
414 2119 563 2160 laboras
581 2120 620 2158 in
643 2119 836 2172 Charybdi
848 2136 865 2166 ;
884 2119 1121 2173 praepositio
1132 2119 1236 2160 enim
