1370 2574
425 300 658 347 EPODON
708 300 802 340 xvii.
909 330 914 333 -
1067 299 1137 341 171

87 417 206 459 Nulla
221 422 367 457 nocent
382 413 517 467 pecori
534 413 736 463 contagia;
761 409 904 449 nullius
921 409 1015 449 astri

241 482 415 533 Gregem
431 487 611 519 aestuosa
627 484 750 516 torret
767 476 1006 528 impotentia,

88 547 282 599 Pluraque
297 545 434 584 felices
450 543 698 587 mir-abimum
725 549 769 580 ut
786 554 914 592 neque
932 540 1050 592 largis

242 611 425 663 Aquosus
445 607 573 647 Eurus
591 619 682 646 arva
699 605 810 644 radat
828 605 1028 652 imbribus,

89 676 255 729 Pinguia
270 687 346 714 nec
362 673 476 713 siccis
494 680 656 711 urantur
674 671 822 710 semina
839 670 978 721 glebis,

241 739 462 790 Utrumque
480 749 573 788 rege
592 742 835 787 temperante
855 735 1051 773 coelitum.

90 805 182 844 Non
198 803 278 842 huc
296 803 433 854 Argoo
452 800 656 840 contendit
674 800 822 852 remige
840 799 969 851 pinus,

33 860 38 864 '
241 867 382 919 Neque
401 865 596 918 impudica
614 865 772 904 Colchis
790 864 921 902 intulit
938 864 1102 915 pedem:

88 934 180 973 Non
197 933 276 973 huc
295 931 445 971 Sidonii
463 937 660 968 torserunt
678 943 825 969 cornua
842 937 998 977 nautae,

240 995 454 1035 Laboriosa
471 1007 546 1033 nec
565 995 704 1033 cohors
724 994 872 1034 Ulixei.

89 1062 246 1114 Jupiter
263 1060 329 1098 illa
345 1061 432 1111 piae
451 1059 619 1096 secrevit
638 1059 771 1097 littora
786 1059 910 1109 genti,

243 1124 302 1163 Ut
317 1122 533 1174 inquinavit
550 1135 641 1160 aere
659 1130 815 1174 tempus
832 1134 1016 1166 aureum;

93 1190 223 1230 Aer-ea
239 1188 383 1227 dehinc
400 1187 504 1225 ferro
523 1186 677 1224 duravit
693 1187 875 1230 saecula;
902 1197 1065 1237 quorum

243 1252 324 1292 Piis
342 1251 528 1299 secunda,
555 1258 644 1289 vate
662 1263 740 1298 me,
768 1251 882 1289 datur
898 1249 1006 1302 fuga.

469 1469 584 1509 ODE
623 1435 767 1507 XVII.

452 1610 514 1637 An
548 1609 786 1648 cAmmAlu.

195 1709 289 1748 JAM
303 1709 384 1759 Jam
402 1704 549 1743 efficaci
568 1705 619 1742 do
635 1717 773 1742 manus
784 1703 984 1752 scientiae,

196 1771 371 1823 Supplex
390 1777 430 1808 et
448 1782 516 1808 oro
534 1780 656 1819 regna
671 1781 743 1819 per
763 1768 1031 1819 Proserpinae,

195 1837 273 1874 Per
291 1842 331 1874 et
349 1835 501 1872 Dianae
521 1846 598 1871 non
617 1833 807 1871 movenda
825 1833 997 1879 numina,

194 1901 272 1940 Per
290 1907 407 1951 atque
425 1899 544 1936 libros
562 1897 779 1935 carminum
797 1896 1008 1935 valentium

197 1965 338 2004 Refixa
356 1964 467 2002 coelo
486 1962 676 2001 devocare
695 1961 835 2007 sidera,

197 2016 373 2074 Canidia,
401 2039 518 2079 parce
536 2026 696 2065 vocibus
715 2026 871 2064 tandem
890 2025 1023 2074 sacris,

198 2093 405 2144 Citumque
425 2100 529 2132 retro
547 2092 666 2138 solve,
694 2091 799 2130 solve
817 2091 1022 2129 turbinem.

196 2157 326 2196 Movit
343 2165 524 2210 nepotem
543 2156 739 2207 Telephus
759 2156 904 2194 Nerei'u
911 2170 964 2203 m,

200 2223 247 2262 In
267 2235 382 2274 quem
400 2223 588 2274 superbus
606 2221 802 2260 ordinarat
820 2223 976 2272 agmina
