1370 2574
203 275 282 313 202
601 270 871 313 NOTULAE

487 361 535 388 m
562 361 650 389 mn.
678 362 708 390 1.
735 362 988 390 cAnmntm.

204 446 315 485 vultu
334 453 374 485 et
391 445 595 498 splendida
610 454 734 494 veste,
752 446 947 487 interdum
959 447 1070 487 vultu
1087 459 1136 487 ac
1149 456 1259 488 veste

203 511 376 550 mutatiS.
429 510 538 549 Bene
557 511 629 550 cel.
651 511 768 550 Jani:
793 515 822 535 “
840 518 924 549 tum
941 511 1072 559 etiam,
1087 525 1176 551 cum
1189 513 1259 551 do-

204 581 234 602 “
260 590 345 615 mos
362 577 581 628 potentium
599 576 755 628 linquiS,
781 576 807 614 i.
825 590 861 615 e.
892 590 982 616 cum
998 577 1164 616 dominis
1194 591 1258 617 ea-

204 643 233 665 “
259 654 345 679 rum
365 641 404 678 in
423 640 584 679 exilium
602 641 664 680 vel
683 653 881 680 carcerem
898 641 1025 680 abis.”

242 704 409 742 XXXV.
424 708 487 743 30.
515 704 673 745 Ultimos
684 705 999 744 orbi-§Britannos
1009 705 1260 746 semi-barba-

203 782 292 808 rum
311 769 492 808 Bentleio
505 770 723 809 videbatur.
771 771 827 808 At
846 769 1022 809 Homero
1042 771 1260 824 Aethiopes

202 850 322 885 εχατοι
332 833 452 890 ωδςαι
466 834 663 882 dicuntur,
677 841 718 872 et
730 834 895 886 Virgilio
909 835 1063 874 extremi
1074 834 1260 875 hominum

203 899 368 939 Morini.
423 900 525 938 Aen.
544 898 657 936 VIII.
676 900 767 940 727.

254 967 318 1004 35.
377 963 479 1008 Quid
494 963 672 1002 intactum
701 963 840 1015 nqfizsti
856 962 1061 1016 liquimus?
1111 963 1261 1003 Omnes

203 1035 397 1081 quotquot
410 1028 574 1067 viderim
588 1028 836 1080 interpretes,
855 1041 945 1067 cum
956 1035 1053 1067 vett.
1066 1027 1259 1068 Scholias-

202 1093 267 1140 tis‚
287 1093 428 1144 nefasti
445 1105 517 1144 pro
534 1104 640 1130 nom.
659 1092 759 1143 plur.
777 1092 990 1144 accipiunt,
1002 1100 1044 1132 et
1061 1093 1261 1146 explicant

201 1157 355 1211 nqfizrii.
411 1157 557 1196 Nescio
575 1169 626 1195 an
643 1157 790 1195 rectius
805 1156 940 1196 haberi
957 1158 1079 1209 possit
1088 1171 1160 1210 pro
1169 1171 1260 1210 gen.

201 1222 302 1273 sing.
320 1229 365 1260 ut
383 1221 577 1261 sententia
593 1221 668 1260 sit:
705 1220 811 1264 Quid
828 1221 937 1260 nefas
954 1222 1144 1261 intactum
1179 1221 1259 1274 (in-

202 1291 411 1333 tentatum,
431 1286 703 1338 intractatum)
725 1285 935 1338 liquimus?

255 1353 319 1390 39.
372 1350 566 1403 Dffngas
583 1357 758 1389 retusum.
800 1349 866 1389 Sic
881 1363 1015 1390 omnes
1031 1364 1154 1404 prope
1170 1351 1258 1390 libri

199 1422 296 1453 vett.
314 1421 395 1453 tam
413 1414 548 1465 scripti
566 1427 681 1466 quam
707 1414 827 1452 editi:
858 1415 885 1452 i.
903 1428 938 1453 e.
968 1415 1010 1453 in
1037 1415 1151 1454 aliam
1178 1415 1258 1455 for-

199 1490 305 1517 mam
316 1478 440 1530 fingas
451 1478 597 1516 ferrum
608 1477 721 1516 bellis
733 1477 912 1517 civilibus
923 1479 1163 1519 hebetatum.
1177 1479 1258 1520 Ne-

199 1557 278 1597 que
296 1556 415 1582 manu
433 1543 699 1583 emendatrice
725 1556 823 1594 opus
842 1556 926 1583 esse
956 1544 1123 1584 videtur.
1177 1545 1260 1585 Alii

198 1607 548 1661 dffngas-dqfigas.
602 1607 680 1646 Pro
698 1613 876 1655 retusum,
893 1607 944 1647 al.
960 1622 1139 1647 recusum.

253 1671 463 1710 XXXVII.
488 1675 527 1711 4.
578 1671 694 1720 Erat,
712 1691 754 1712 ar
769 1691 818 1721 v,
849 1680 963 1712 esset·
1015 1673 1126 1712 LIbri
1142 1673 1258 1726 pauci

197 1735 284 1774 erit.

462 1777 594 1828 Si⁵non
612 1788 727 1829 alium
744 1789 822 1830 late
825 1792 997 1844 jactaret
1013 1790 1179 1838 adorem,
1206 1826 1213 1833 ,

300 1853 456 1891 Laurus
474 1852 640 1892 ERAT.
847 1854 957 1906 Virg.
975 1853 1076 1894 Geo.
1093 1854 1148 1892 11.
1168 1857 1255 1895 132.

249 1931 314 1968 24.
342 1930 568 1969 Penetravit
585 1945 672 1970 oras
690 1933 792 1983 conj.
807 1932 937 1971 Bentl.
950 1931 1118 1972 offensus
1135 1933 1256 1973 verbo

196 2007 393 2047 reparare.

248 2057 479 2096 XXXVIII.
497 2062 535 2098 6.
566 2059 724 2099 Sedulus
740 2074 852 2099 curae
875 2073 975 2099 unus
1003 2073 1055 2099 ex
1085 2059 1254 2100 Bentleii

196 2121 319 2160 MSS.
349 2122 453 2174 quod
484 2123 550 2161 vix
582 2137 605 2162 a
635 2124 800 2163 librariis
835 2137 919 2164 esse
955 2125 1095 2177 potuit.
1162 2124 1253 2162 vid.

195 2187 427 2236 Wakefield,
458 2188 550 2228 Silv.
569 2189 668 2228 crit.
689 2189 796 2229 Sect.
813 2192 878 2230 55.
