1370 2574
439 324 712 368 NOTULAE
1049 325 1130 368 225

374 419 387 444 1
393 419 421 444 N
450 418 619 445 BPODON
647 416 830 444 LIBRUM·

120 500 175 543 11.
213 518 273 542 vv.
295 505 336 543 11
362 506 394 540 δι
416 505 466 542 12
490 510 580 554 post
613 505 661 541 18
680 509 721 540 et
753 504 801 540 14
829 501 978 541 habent
1004 500 1128 540 MSS.

70 569 244 621 editique
273 580 406 607 omnes
437 575 593 619 praeter
632 580 753 605 unum
786 566 895 604 Hen-
925 562 1129 618 Steffliani,

69 636 181 686 cujus
198 633 285 672 libri
303 632 577 671 auctoritatem
596 631 751 684 sequuti
782 644 930 670 sumus.
982 635 1010 655 “
1028 631 1127 670 Ver·-

69 705 98 724 “
123 710 189 738 sus
217 699 343 746 duo&
366 698 453 736 loco
481 710 554 735 suo
581 704 721 743 motos,
762 697 802 734 in
831 709 921 735 eum
950 697 1130 743 restitui3

68 769 97 788 ‘⁶
124 764 228 816 quod
246 775 324 802 non
342 762 426 802 sine
445 762 559 801 unius
585 761 820 814 exemplaris
838 774 998 801 assensu
1022 761 1102 801 feci
1115 774 1130 799 ι

69 834 97 854 “
124 828 298 881 quamvis
311 827 415 866 illam
429 827 477 864 iis
490 826 626 865 deberi
640 827 773 865 sedem
787 834 866 865 tam
881 826 1129 865 manifestum

67 898 96 918 ‘⁸
122 894 186 939 sit,
203 900 248 931 ut
266 892 379 930 multi
396 892 574 939 fortasse,
602 892 635 930 si
653 892 730 930 hoc
748 891 1127 939 animadvertissent,

68 963 96 982 “
122 957 268 1009 absque
286 957 401 995 ullius
425 957 514 996 libri
545 957 780 996 auctoritate
813 957 853 994 id
881 956 1015 994 ausuri
1041 955 1128 995 fue-

64 1027 92 1047 “
119 1022 241 1060 rint-'⁹
296 1022 408 1059 Han.
429 1021 654 1060 SrssPnAm
682 1020 863 1060 Diatribe
883 1024 935 1062 1..

119 1089 182 1124 18.
234 1085 312 1124 Pro
330 1085 436 1137 vulg.
454 1086 570 1132 arvis,
589 1085 703 1124 codd.
728 1085 865 1137 plures
889 1093 933 1124 et
956 1086 1126 1139 antiqui-

66 1163 155 1189 ores
172 1151 319 1189 habe'nt
345 1151 463 1203 agris.

115 1219 179 1256 25.
233 1215 342 1254 Rivis
360 1223 521 1253 tuentur
539 1215 654 1254 codd.
682 1215 812 1267 plures
831 1215 1003 1268 antiqui:
1030 1217 1127 1270 ripis

66 1281 256 1319 exhibent
289 1280 408 1318 MSS.
429 1280 601 1331 quidam,
633 1287 674 1318 et
702 1281 792 1319 edd.
820 1288 987 1328 veteres,
1019 1283 1127 1334 quod

66 1344 195 1384 forsan
213 1345 378 1389 melius;
403 1345 454 1382 de
471 1345 634 1383 'aestate
653 1345 758 1383 enim
789 1353 909 1397 atque
936 1353 1125 1386 autumno

64 1422 192 1449 sermo
210 1417 285 1457 est,
303 1422 382 1462 quo
399 1416 579 1462 tempore·
593 1417 732 1448 tenues
750 1418 842 1449 sunt
858 1423 998 1462 aquae,
1016 1411 1125 1464 ripae

63 1474 233 1513 altiores.
286 1474 447 1512 anrt„
473 1474 606 1512 stx.

113 1541 179 1578 28.
230 1539 439 1591 Famesque
457 1539 671 1592 obstrepunt
686 1540 873 1579 videlicet
889 1540 1015 1580 avium
1031 1555 1120 1594 que—

64 1601 167 1641 relis.
218 1603 442 1654 Ingenium,
460 1603 529 1642 sed
546 1605 629 1643 sine
647 1605 895 1652 necessitate,
921 1605 1121 1645 Marklan-

63 1667 137 1705 dus
145 1666 399 1718 frondesque,
427 1679 542 1718 quem
562 1675 718 1706 secutus
742 1670 803 1706 e‘st
820 1668 872 1706 G.
886 1668 1122 1721 Wakefield,

67 1740 110 1770 ut
127 1731 278 1770 arbores
295 1731 446 1770 scilicet
469 1746 653 1784 aquarum
678 1733 845 1772 susurris
861 1735 1130 1786 respondeant..

49 1788 54 1794 ί
114 1799 180 1836 69.
235 1795 351 1847 Vulg.
369 1795 500 1849 relegit
514 1813 528 1835 .-
556 1804 596 1835 at
626 1798 771 1850 redegit
795 1798 908 1837 codd.
928 1799 1062 1850 plures
1078 1807 1121 1839 et

65 1860 249 1912 potiores.
304 1861 393 1898 Vid.
411 1862 570 1900 omnino
602 1862 732 1901 Bentl.
750 1863 817 1914 qui
834 1870 965 1902 tamen
996 1864 1122 1903 multa

64 1927 273 1978 congessit,
292 1939 391 1978 quae
411 1928 488 1966 huc
506 1940 642 1979 parum
666 1929 918 1976 conveniunt,
947 1936 988 1968 et
1016 1930 1120 1970 Gro-

64 1991 168 2029 novii
187 1991 351 2029 Observ.
371 1991 403 2028 1.
422 1993 486 2029 20.
513 2005 552 2043 p.
573 1995 659 2031 123.
687 1992 761 2031 Ed.
780 1997 818 2031 4.

114 2054 190 2093 111.
231 2059 269 2094 3.
321 2056 415 2094 Edit
441 2064 558 2107 prout
576 2064 728 2097 veteres
746 2057 1011 2107 declinabant‚¹
1037 2060 1064 2099 i.
1082 2074 1119 2099 e.

64 2119 164 2158 edat.
190 2131 288 2159 vrr.
310 2120 465 2159 Senot..
495 2122 611 2175 Cruq.

114 2185 184 2222 IV.
211 2187 249 2224 8.
302 2185 380 2225 Pro
399 2185 454 2225 bis
469 2192 528 2225 ter
541 2186 730 2235 ulnarum,
749 2188 869 2240 quod,
888 2190 1020 2239 credo,
1035 2191 1115 2243 pla·

115 2260 225 2300 Tou.
252 2261 284 2299 1.
562 2264 596 2301 F
620 2264 644 2301 f
