1370 2574
490 264 803 306 CARMINUM
854 267 888 306 Ι.

366 375 647 414 Decertantem
667 376 944 428 AquilonibuS‚

262 439 348 478 Nec
367 441 496 479 tristes
515 441 693 493 Hyadas,
719 454 794 479 nec
811 441 959 480 rabiem
977 439 1098 488 Noti3

365 506 454 548 Quo
473 518 551 543 non
570 505 714 544 arbiter
732 505 908 545 Hadriae

262 568 405 620 Major,
434 570 571 608 tollere
589 584 658 609 seu
675 583 822 622 ponere
839 571 924 610 vult
939 571 1052 610 freta.

366 636 494 677 Quem
512 635 647 673 mortis
665 635 795 674 timuit
811 635 990 688 gradum,

263 699 341 742 Qui
355 699 468 738 siccis
487 700 610 738 oculis
627 708 800 739 monstra
812 701 1000 748 natantia,

365 765 443 808 Qui
461 765 557 803 vidit
575 777 681 803 mare
699 765 912 816 turgidum,
939 772 983 804 et

261 828 430 868 Infames
448 830 642 882 scopulos,
671 830 992 869 Acroceraunia?

365 896 638 947 Nequicquam
656 896 766 934 Deus
783 895 951 935 abscidit

261 960 438 999 Prudens
458 960 619 999 Oceano
638 960 871 998 dissociabili

363 1026 517 1072 Terram,
545 1026 577 1063 si
596 1033 727 1064 tamen
745 1025 886 1076 impiae

264 1091 355 1129 Non
374 1091 573 1142 tangenda
590 1098 693 1129 rates
711 1090 933 1129 transiliunt
949 1091 1060 1130 vada.

260 1159 263 1162 ’
362 1156 507 1194 Audax
527 1155 656 1194 omnia
673 1155 840 1207 perpeti,

261 1221 370 1259 Gens
389 1222 558 1259 humana
575 1220 654 1258 ruit
670 1233 741 1271 per
758 1220 922 1258 vetitum
941 1219 1062 1259 nefas.

363 1286 507 1324 Audax
529 1285 654 1337 Iapeti
672 1297 798 1336 genus
881 1270 980 1281 ‘ww

260 1351 398 1402 Ignem
416 1351 553 1389 fraude
571 1350 672 1388 mala
688 1350 870 1400 gentibus
889 1350 1030 1389 intulit.

364 1416 458 1453 Post
476 1416 607 1466 ignem
625 1414 800 1452 aetheria
817 1414 933 1452 domo

263 1480 508 1518 Subductum
527 1479 680 1517 Macies
698 1486 740 1516 et
757 1491 858 1516 nova
876 1477 1056 1516 Febrium

361 1545 492 1583 Terris
511 1543 691 1582 incubuit
708 1542 850 1581 cohors
865 1558 876 1587 ;

260 1610 486 1662 Semotique
505 1609 611 1661 prius
629 1609 742 1647 tarda
759 1608 972 1646 necessitas

362 1674 453 1712 Leti
472 1674 659 1725 corripuit
677 1673 855 1725 gradum.

260 1740 459 1791 Expertus
477 1751 641 1776 vacuum
661 1738 860 1776 Daedalus
878 1738 971 1775 ae'ra

362 1804 519 1850 Pennis,
538 1817 615 1841 non
634 1803 780 1840 homini
798 1802 909 1840 datis.

261 1870 443 1921 Perrupit
462 1869 690 1907 Acheronta
708 1867 930 1905 Herculeus
948 1867 1069 1906 labor.

364 1935 429 1972 Nil
449 1934 673 1972 mortalibus
691 1933 854 1982 axduum
873 1940 945 1970 est.

260 1999 422 2037 Coelum
442 1999 566 2049 ipsum
585 1997 753 2047 petimus
771 1996 959 2040 stultitia;
986 2009 1115 2048 neque

363 2062 439 2099 Per
459 2068 632 2098 nostrum
651 2060 819 2111 patimur
837 2059 963 2097 scelus

256 2126 451 2166 Iracunda
468 2126 493 2165 J
497 2138 606 2164 ovem
625 2137 771 2177 ponere
790 2124 963 2163 fulmina.
