1370 2574
473 272 788 316 CARMINUM
833 271 873 316 1.

242 386 434 439 Injurioso
453 398 503 424 ne
521 387 621 438 pede
636 397 800 438 proruas

243 453 419 492 Stantem
437 452 681 496 columnam;
707 462 785 490 neu
801 450 970 504 populoe
982 449 1166 506 hequem

291 518 359 556 Ad
377 530 483 556 arma
501 523 697 556 cessantes
723 517 775 555 ad
791 529 899 555 arma

341 583 540 630 Concitet,
567 581 849 634 imperiumque
865 581 1033 635 frangat.

239 715 297 754 Te
316 726 469 767 semper
485 714 608 752 anteit
625 725 739 752 saeva
756 711 994 760 Necessitas,

241 782 380 821 elavos
399 780 564 818 trabales
581 785 623 816 et
641 790 788 816 cuneos
804 789 924 816 manu

290 845 458 884 Gestans
476 845 594 888 ae’na;
620 855 695 881 nec
714 853 871 881 severus

340 910 476 949 Uncus
494 910 618 955 abest,
636 907 905 959 liquidumque
923 905 1137 958 plumbume

237 1039 295 1081 Te
316 1041 426 1093 Spes,
453 1047 495 1079 et
512 1040 599 1078 albo
617 1051 704 1078 rara
722 1037 836 1077 Fides
854 1036 949 1076 colit

234 1104 373 1150 Velata
390 1118 540 1158 panno;
567 1117 641 1143 nec
659 1102 844 1142 comitem
860 1101 1042 1153 abnegat,

287 1172 500 1221 Utcunque
517 1176 667 1207 mutata
683 1173 863 1220 potentes

337 1236 457 1274 Veste
477 1235 612 1273 domos
630 1232 788 1270 inimica
804 1231 945 1283 linquiss
956 1245 970 1268 ι

235 1368 292 1406 At
310 1366 447 1417 vulg-us
465 1364 640 1410 infidum,
667 1368 709 1401 et
726 1361 913 1401 meretrix
930 1367 1038 1400 retro

233 1432 396 1482 Perjura
413 1429 540 1473 cedit3
567 1427 789 1478 diffugiunt,
808 1426 915 1464 cadis

285 1497 384 1535 Cum
402 1495 513 1533 faece
531 1493 699 1538 siccatis,
719 1491 836 1530 amici

335 1559 452 1598 Ferro
466 1560 606 1609 jugum
623 1557 768 1609 pariter
786 1553 923 1593 dolosi.

235 1693 372 1732 serves
391 1691 535 1729 iturum
555 1689 762 1727 Caesarem
780 1687 822 1724 in
838 1684 995 1724 ultimos

234 1757 349 1796 Orbis
367 1755 587 1799 Britannos,
615 1760 656 1790 et
670 1754 857 1803 juvenum
875 1758 1013 1788 recens

282 1822 474 1866 Examen,
503 1818 595 1856 Eois
612 1816 829 1855 timendum

335 1885 513 1923 Partibus
540 1894 765 1933 oceanoque
782 1879 912 1919 rubro.

233 2015 369 2054 Eheu!
397 2011 622 2053 cicatricum
641 2020 682 2051 et
699 2009 855 2050 sceleris
872 2007 1008 2061 pudet,

233 2080 498 2130 Fran-umque.
542 2078 648 2120 Quid
665 2075 850 2116 nosdura
866 2071 1081 2124 refugimus

284 2144 431 2184 Aetas?
461 2142 553 2195 quid
572 2142 759 2180 intactum
778 2138 918 2178 nefasti

334 2208 561 2260 Liquimus?
590 2206 693 2246 unde
710 2217 866 2245 manum
881 2202 1066 2256 juventus
