1370 2574
172 267 251 306 236
576 265 844 307 NOTULAE

428 355 477 382 IN
502 355 685 384 cARMEN
714 357 982 386 SAECULARE.

173 440 349 494 applicat.
416 442 550 489 Curat,
590 441 767 495 applicat,
808 444 938 492 etiam,
967 452 1123 495 praeter
1148 453 1230 486 tres

173 504 416 553 Bersmanni,
436 513 516 545 tres
535 519 586 545 ex
601 507 852 555 Bentleianis‚
884 516 925 547 et
942 522 1013 561 pro
1026 510 1133 549 varia
1148 510 1227 550 lec-

172 569 280 608 tione
299 579 471 622 quartus.
526 571 662 619 Porro,
681 579 801 619 curat,
821 572 984 625 applicat
997 573 1141 612 diserte
1159 587 1229 626 ag-

172 635 300 674 noscit
330 635 557 675 scholiastes
577 643 752 688 uterque.
813 636 990 677 Eandem
1018 638 1227 678 lectionem

170 700 362 738 exhibent
381 700 501 739 MSS.
528 702 747 754 complures
780 701 934 741 Musaei
966 702 1063 741 Brit.
1094 711 1134 742 et
1164 703 1227 742 ed.

167 765 350 817 princeps
369 765 408 803 in
427 765 613 804 Biblioth.
629 766 750 817 Regis
770 765 866 805 Brit.
919 768 1108 820 Proroget
1126 768 1226 807 Ges-

169 829 254 867 neri
273 842 429 868 omnes:
461 835 578 876 curet,
606 829 764 882 applicet
789 830 878 868 edd.
897 829 1007 870 Med.
1042 833 1155 879 1477,
1184 839 1225 869 et

171 897 285 933 1486.
314 895 413 932 Ven.
434 895 546 935 1479.
584 894 685 932 Flor.
707 894 800 933 Aldi
821 894 991 933 Manutii
1011 898 1125 942 1511,
1153 898 1224 934 &c.

169 972 292 1011 usque
310 959 360 997 ad
392 958 620 1010 Cruquium.
679 958 819 998 Lectio
850 959 1007 1011 vulgata
1028 965 1223 1012 proroget,

168 1037 284 1076 quam
303 1030 436 1062 tuetur
453 1025 577 1075 major
590 1036 679 1075 pars
694 1023 890 1071 codicum,
909 1031 953 1063 ut
971 1032 1013 1063 et
1041 1025 1223 1070 scholias-

166 1098 231 1129 tae
245 1097 412 1137 veteres,
440 1089 506 1141 qui
538 1102 608 1140 pro
629 1088 852 1142 prorogabit
870 1089 1080 1141 accipiunt,
1112 1091 1223 1129 nobis

166 1154 387 1194 necessaria
402 1153 571 1200 videtur,
584 1153 646 1191 vel
660 1160 820 1205 propter
835 1154 1096 1193 conditionem
1110 1167 1222 1206 prae-

165 1219 412 1258 missam—m
431 1216 636 1257 Palatinas
663 1217 763 1256 videt
779 1232 918 1270 aequus
935 1231 1051 1258 arces.
1105 1219 1221 1257 Cete-

165 1296 251 1323 rum
269 1284 368 1323 haec
385 1283 556 1322 verba-

266 1363 435 1414 Remque
451 1362 675 1409 Romanam,
693 1361 931 1414 Latiumque,
931 1361 1053 1414 filis,

267 1426 440 1466 Alterum
458 1426 499 1465 in
517 1425 689 1473 lustrum,
707 1425 908 1477 meliusque
924 1439 1066 1485 semper

369 1492 558 1543 Proroget
576 1500 757 1529 aevum—

162 1577 447 1620 utramcunque
465 1567 674 1607 lectionem
693 1567 876 1620 amplecti
893 1566 1004 1615 velis,
1034 1566 1139 1605 varie
1156 1580 1217 1606 or-

163 1632 289 1673 dinari
307 1640 347 1672 et
375 1631 562 1685 explicari
579 1640 754 1685 possunt.
806 1631 869 1671 Ita
897 1631 1141 1673 distinximus
1173 1638 1217 1670 ut

158 1699 375 1751 jungantur
405 1697 589 1737 Phoebus
603 1695 726 1750 filix,
754 1697 779 1735 i.
797 1709 832 1735 e.
850 1695 1064 1749 propitius:
1091 1704 1132 1735 et
1162 1696 1216 1735 ita

162 1764 286 1804 schol.
306 1763 482 1816 Cruquii,
497 1770 555 1824 ct
572 1759 677 1815 apud
695 1761 901 1814 Virgilium
916 1776 927 1801 ε

164 1842 226 1881 Sis
244 1852 384 1891 PBt-ut,
402 1847 439 1881 et
455 1847 620 1882 nostrum
637 1839 746 1888 leves,
764 1852 1018 1893 quaecunque,
1041 1837 1213 1878 laborem.

897 1904 1003 1946 Aen.
1021 1903 1054 1942 1.
1073 1906 1164 1944 330.

513 2051 651 2083 FINJS
687 2050 800 2083 TOM.
830 2051 863 2082 Ι.
