1370 2574
168 295 243 350 16⁴³
518 296 750 336 EPODON
801 297 859 338 xi.

585 493 701 533 ODE
756 493 828 534 XI.

558 623 620 650 An
647 623 854 651 PRTTmM.

275 717 424 763 ΡΕΤΤΙ,
452 718 548 756 nihil
566 730 643 766 me,
662 718 765 757 sicut
782 726 910 766 antea,
923 719 1036 769 juvat

173 781 352 820 Scribere
371 783 597 829 versiculos,
625 795 756 821 amore
774 795 1002 834 percussum
1020 783 1154 835 gravi3

274 850 436 894 Amore,
456 848 522 899 qui
541 861 604 886 me
622 855 778 900 praeter
797 859 933 886 omnes
950 849 1105 902 expetit

171 913 359 952 Mollibus
377 912 417 950 in
435 913 579 964 pueris,
599 920 667 951 aut
685 913 724 950 in
743 913 897 965 puellis,
914 925 1043 951 urere.

275 979 355 1017 Hic
373 978 511 1016 tertius
530 978 768 1025 December,
797 990 848 1016 ex
867 991 946 1031 quo
963 977 1097 1018 destiti

170 1043 332 1082 Inachia
349 1043 494 1090 furere,
513 1043 617 1090 silvis
635 1043 825 1082 honorem
842 1043 1007 1082 decutit.

275 1108 384 1146 Heu!
395 1121 473 1155 me,
492 1121 563 1160 per
582 1109 719 1147 urbem
735 1108 847 1161 (nam
862 1107 986 1160 pudet
998 1108 1097 1146 tanti
1114 1107 1228 1162 mali)

169 1173 317 1212 Fabula
335 1180 480 1225 quanta
496 1172 568 1220 fui,
596 1173 860 1212 conviviorum
879 1180 921 1213 et
937 1172 1129 1226 poenitet,

274 1238 322 1276 In
340 1239 427 1290 quis
445 1245 640 1277 amantem
658 1246 700 1277 et
717 1239 896 1290 languor,
915 1246 956 1278 et
973 1237 1171 1278 silentium

139 1295 143 1298 ’
171 1303 331 1355 Arguit,
350 1310 390 1342 et
403 1303 525 1342 latere
543 1304 688 1356 petitus
707 1304 786 1343 imo
802 1303 972 1356 spiritus.

275 1368 472 1407 Contrane
490 1369 643 1408 lucrum
661 1370 715 1408 nil
734 1369 863 1408 valere
883 1368 1095 1409 candidum

169 1433 356 1484 Pauperis
375 1434 604 1484 ingenium?
633 1435 837 1485 querebar,
856 1433 1061 1484 adplorans
1079 1431 1174 1478 tibi;

275 1497 396 1535 Simul
413 1498 577 1534 calentis
595 1497 882 1534 inverecundus
900 1497 999 1534 deus

171 1562 392 1601 Fervidjore
410 1573 519 1599 mero
537 1573 679 1599 arcana
695 1566 895 1611 promorat
913 1559 1016 1599 loco.

275 1625 392 1669 Quod
409 1625 441 1664 si
458 1625 554 1664 meis
571 1626 765 1664 inaestuet
782 1623 1020 1677 praecordiis

171 1692 316 1730 Libera
331 1691 434 1737 bilis,
460 1690 620 1728 ut'haec
638 1689 792 1741 ingrata
807 1689 935 1727 ventis
953 1688 1101 1729 dividat

277 1757 478 1802 Fomenta,
496 1756 635 1794 vulnus
653 1755 707 1792 nil
725 1754 868 1793 malum
885 1754 1078 1800 levantia;

173 1822 341 1862 Desinet
359 1820 568 1872 imparibus
587 1827 738 1858 certare
755 1820 958 1858 submotus
973 1818 1112 1870 pudor.

276 1886 355 1925 Ubi
373 1886 471 1923 haec
489 1897 646 1923 severus
664 1891 704 1924 te
722 1884 850 1936 palam
868 1883 1140 1930 laudaveram

172 1952 198 1992 J
202 1963 311 1989 ussus
329 1950 435 1988 abire
454 1950 625 1996 domum,
643 1949 798 1987 ferebar
815 1949 966 1988 incerto
982 1948 1083 2000 pede

278 2014 345 2052 Ad
364 2028 442 2052 non
460 2015 604 2052 amicos
622 2014 700 2051 heu
716 2016 725 2052 Ξ
752 2013 846 2051 mihi
864 2020 1010 2065 postes,
1028 2020 1070 2052 et
1087 2014 1188 2055 heu!

173 2081 328 2121 Limina
344 2079 455 2124 dura,
484 2079 622 2129 quibus
641 2076 792 2116 lumbos
811 2085 851 2116 et
869 2078 1010 2130 infregi
1027 2078 1141 2118 latus.

275 2142 624 2197 Nunchgloriantis
643 2142 855 2193 quamlibet
873 2143 1140 2184 mulierculam

174 2209 342 2249 Vincere
361 2207 535 2254 mollitia,
562 2219 671 2247 amor
697 2206 854 2260 Lycisci
872 2220 935 2247 me
953 2214 1088 2247 tenet:
