1370 2574
175 247 254 286 222
573 246 842 286 NOTULAE

441 336 489 362 IN
516 335 602 362 Lm.
620 319 690 363 ἰν.
718 335 971 363 cAantm.

174 427 227 459 ta.
254 420 379 459 Codd.
399 419 519 459 MSS.
538 421 578 459 in
602 428 768 473 utroque
799 434 927 469 versu,
955 434 1105 461 summa
1135 435 1228 462 con-

172 486 328 532 stantia,
346 500 454 532 rura,
473 486 546 524 nisi
561 486 665 537 quod
684 487 722 524 iu
738 486 868 525 Bentl.
887 489 923 525 1.
937 493 1022 525 erat
1034 487 1155 526 nutn't
1167 500 1227 535 ra,

172 552 277 602 quod
290 543 481 603 ipse‘vidit
496 550 615 589 fuisse
633 551 839 599 nutritura,
867 558 911 590 ut
929 551 1048 591 habet
1062 552 1170 605 Lips.
1190 555 1226 592 1.

170 617 275 655 Jani.

225 680 273 718 V.
301 684 365 721 35.
418 680 495 719 Pro
514 695 661 729 numen,
693 695 794 720 com.
822 681 941 734 Cruq.
959 689 1000 721 et
1026 682 1143 734 pauci
1173 695 1225 722 ex

172 746 287 784 codd.
305 760 449 785 nomen.

222 810 291 848 VI.
322 813 383 850 13.
421 811 530 849 Male
545 811 743 850 Gesnerus
757 810 1223 863 interpuugit—Ille,non

167 874 331 913 inclusus
360 889 508 927 equo‚...
518 875 638 914 Troas
655 875 832 927 fideret.
904 875 976 915 Est
1006 875 1226 915 enim-ille

166 940 408 992 non-fillleret
432 941 552 979 Troas
569 955 609 979 se
624 941 664 979 in
683 954 814 993 equum
836 940 1068 980 includendo.

221 1008 283 1044 19.
335 1006 515 1044 Latentes
527 1006 696 1057 vulgaris
710 1006 852 1044 lectio:
870 1004 1043 1044 latentem
1054 1006 1223 1056 permul-

165 1070 195 1109 ti
215 1070 335 1109 MSS.
355 1079 394 1109 et
413 1078 473 1109 est
486 1071 591 1109 haud
602 1071 720 1110 dubie
734 1084 827 1109 vera
842 1071 974 1110 lectio.
1011 1070 1100 1109 Vid.
1116 1070 1222 1110 Jani.

216 1137 281 1173 21.
351 1134 429 1173 Pro
460 1134 590 1182 victus,
627 1134 715 1173 cod.
758 1135 958 1187 antiquiss.
992 1134 1220 1174 Blandinius

164 1200 431 1252 Cruq.flexus.

216 1268 280 1305 25.
335 1266 413 1303 Pro
432 1271 605 1316 argutae,
623 1265 649 1302 i.
663 1278 698 1303 e.
717 1277 897 1313 canorae,
909 1265 997 1304 libri
1013 1266 1130 1318 pauci
1143 1267 1220 1305 Αν-

158 1331 283 1383 givae,
316 1331 340 1368 i.
360 1343 395 1369 e.
428 1330 618 1376 Graecae,
652 1330 716 1368 cui
735 1329 879 1381 opponi
897 1329 1050 1369 videtur
1067 1343 1218 1369 camena

159 1395 334 1442 Daunia,
362 1395 442 1434 sive
459 1395 613 1433 Latina.

211 1463 275 1497 38.
329 1460 455 1497 Codd.
474 1459 628 1510 quidam
644 1458 856 1497 Noctiluca.

209 1523 302 1561 VII.
329 1527 390 1562 12.
417 1525 602 1562 Recurret
620 1523 797 1563 nonnulli
810 1523 949 1562 Lamb.
961 1523 1076 1562 codd.
1090 1537 1215 1562 recur-

157 1589 210 1626 rit
230 1588 352 1627 ceteri
369 1588 452 1627 fere
471 1602 617 1626 omnes.

213 1656 274 1693 15.
332 1653 410 1691 Pro
421 1660 537 1706 pater
557 1655 717 1701 Aeneas,
747 1654 811 1693 alii
822 1655 913 1707 pius
931 1655 1091 1702 Aeneas,
1110 1655 1215 1707 quod

157 1719 297 1757 melius
314 1719 480 1757 videtur.

212 1785 274 1823 17.
328 1782 448 1821 Multi
467 1779 579 1821 cbdd.
599 1783 711 1830 vitae,
729 1796 801 1834 pro
818 1797 991 1822 summae.

209 1846 323 1884 VIII.
340 1850 375 1884 1.
414 1848 619 1886 Commodis
634 1849 789 1899 quidam
804 1848 942 1886 Lamb.
954 1860 1088 1886 omues
1101 1847 1211 1887 Torr.

157 1919 198 1950 et
215 1912 329 1964 pauci
348 1912 424 1949 alii.
471 1912 602 1950 Ceteri
621 1913 817 1964 vulgatam
834 1913 927 1952 lect.
945 1919 1117 1951 tuentur.

211 1978 272 2014 12.
327 1976 409 2013 Alii
427 1977 600 2015 muneris.

210 2042 271 2081 17.
323 2039 469 2078 Versus
487 2042 636 2092 magnis
668 2042 956 2081 difficultatibus
986 2041 1209 2094 implicitus,

155 2107 206 2144 ob
225 2104 387 2144 confusa
403 2112 444 2143 et
462 2106 673 2146 commixta
691 2106 792 2145 inter
809 2118 851 2145 se
870 2107 1034 2146 duorum
1060 2106 1208 2158 Scipio-
