1370 2574
434 287 748 333 cAmmmM
797 287 835 327 1.
1109 279 1159 324 41

207 396 326 443 Metu
342 401 505 441 deorum
521 397 742 439 continuit?
770 395 910 449 quibus

210 467 394 520 Pepercit
410 466 513 505 aria?
541 464 579 503 Ο
596 463 744 502 utinam
760 472 863 500 nova

261 532 411 571 Incude
427 520 603 580 diffingas
620 534 795 566 retusum
810 526 853 564 in

314 595 557 646 Massagetas
575 591 805 642 Arabasque
820 589 986 628 ferrmn!

466 763 583 803 ODE
627 761 813 801 XXXVI.

378 896 428 922 m·
454 893 659 922 munuum
687 887 897 918 numm.-

317 966 382 1012 Ετ
399 981 487 1012 ture
504 980 547 1011 et
563 967 703 1010 fidibus
716 972 828 1022 juvat

218 1039 393 1084 mamre,
418 1045 460 1076 et
476 1037 588 1075 vituli
604 1035 792 1087 sanguine
809 1033 955 1079 debitoi

320 1101 512 1140 Custodes
529 1099 724 1138 Numidae
741 1098 836 1136 deos
849 1110 861 1134 ε

217 1166 296 1210 Qui
312 1179 417 1204 nunc
435 1164 630 1216 Hesperia
645 1175 778 1214 sospes
794 1162 844 1200 ab
866 1160 1016 1205 ultim,

322 1230 433 1269 Caris
448 1229 571 1268 multa
586 1228 794 1273 sodalilms,

221 1295 330 1334 Nulli
346 1295 458 1346 plura
474 1301 604 1332 tamen
622 1291 759 1331 dividit
775 1291 922 1337 oscula,

325 1359 458 1402 Quam
475 1357 581 1396 dulci
597 1357 779 1400 Lamiae3
794 1367 943 1393 memor

222 1424 350 1462 Actae
367 1436 447 1461 non
463 1422 539 1461 alio
556 1434 649 1473 rege
666 1420 856 1472 puertiae,

323 1477 580 1538 Mutataeque
597 1485 710 1523 simul
726 1492 855 1536 togae.

223 1552 363 1591 cressa
378 1564 428 1589 ne
446 1558 577 1589 careat
594 1549 758 1601 pulchra
774 1549 857 1587 dies
874 1555 988 1586 nota:

326 1615 416 1653 Neu
433 1621 608 1665 promtae
626 1613 763 1650 modus
780 1612 1002 1662 amphorae,

223 1679 316 1718 Neu
331 1691 478 1718 morem
495 1678 535 1716 in
555 1677 699 1715 Salium
715 1676 766 1714 sit
783 1675 937 1726 requies
953 1674 1118 1726 pedum}

326 1743 418 1782 Neu
434 1742 547 1780 multi
557 1741 730 1779 Damalis
746 1739 844 1778 meri

226 1807 388 1846 Bassum
405 1805 588 1844 Threicia
602 1805 733 1843 vineat
750 1803 939 1855 amystide
952 1817 965 1841 x

330 1870 420 1908 Neu
438 1870 565 1908 desint
582 1869 706 1920 epulis
722 1881 848 1915 rosae,

229 1935 319 1973 Neu
335 1935 448 1972 vivax
466 1933 609 1984 apium,
627 1945 704 1970 neu
721 1933 838 1970 breve
855 1931 988 1970 lilium.

333 1998 480 2036 Omnes
497 1997 538 2035 in
555 1996 737 2035 Damalin
753 2003 887 2047 putres

231 2062 442 2113 Deponent
458 2061 614 2106 oculos;
638 2074 713 2100 nec
730 2060 903 2099 Damalis
919 2072 1019 2098 novo

333 2119 552 2165 Divelletur
568 2125 759 2171 adultero,

231 2190 404 2228 Lascivis
419 2190 574 2229 hederis
590 2189 837 2229 ambitiosior.

186 2264 301 2308 Tou.
331 2267 366 2305 1.
661 2266 695 2303 F
