1430 2644
246 279 311 318 viii
618 279 937 320 PRAEFATIO

244 402 330 433 tur:
357 404 483 446 neque
512 393 615 433 enim
634 394 842 444 Torrentii,
873 409 948 437 nec
965 395 1191 438 Bel-smmi
1220 408 1288 440 aut

243 457 448 496 Pulmanni
466 458 654 498 editiones
682 460 794 500 nobis
811 460 942 507 videre
974 461 1150 515 contigit,
1202 463 1289 502 Pri-

241 536 388 560 marum
408 535 564 575 quoque
581 524 809 572 editionum,
828 538 927 577 quse
940 538 992 565 ex
1008 525 1116 564 libris
1134 526 1287 579 scriptis

240 599 449 638 expressae
477 587 670 636 videntur,
701 602 749 628 ac
766 590 850 642 pari
868 590 950 629 fere
978 591 1211 630 auctoritate
1240 604 1289 632 ae

240 651 312 702 ipsi
330 651 418 690 libri
435 651 568 704 scripti
585 653 790 701 habentur,
818 654 1005 694 lectiones
1023 655 1287 707 compluribus

237 715 333 754 locis
350 717 641 763 annotavimus,
659 718 853 757 interdum
871 719 988 759 etiam
1005 719 1175 759 virorum
1193 714 1289 759 doo-

235 790 364 820 torum
392 783 649 833 conjecturas.
701 783 818 822 Hanc
849 784 1028 823 lectionis
1058 785 1285 824 varietatem

234 858 362 896 neque
389 846 541 884 erudito
559 846 697 885 lectori
727 846 932 898 ingratam,
956 860 1084 901 neque
1102 849 1284 888 studiosis

232 909 544 948 adolescentibus
561 910 752 958 inutilem,
776 911 860 951 fore
877 925 1074 964 speramus
1089 927 1100 952 :
1119 914 1211 952 dum
1228 913 1284 952 nl·

231 981 306 1020 ter,
325 974 402 1025 qua
419 986 594 1026 quaeque
612 975 729 1013 lectio
747 976 979 1015 auctoritate
996 977 1156 1024 nitatur,
1172 977 1282 1016 vide·

230 1038 303 1084 bit,
331 1050 378 1076 ac
396 1038 445 1076 de
464 1038 624 1090 singulis
654 1039 735 1090 ipse
753 1052 824 1092 pro
851 1052 894 1079 se
910 1048 1081 1080 statuere
1111 1040 1283 1092 potet-itt

230 1101 343 1139 alteri
360 1114 466 1148 vero,
496 1101 650 1140 erudito
669 1114 715 1141 ac
733 1103 854 1141 limati
867 1103 1005 1155 judicii
1023 1111 1281 1156 praeceptore

227 1166 353 1204 facem
366 1165 624 1218 praeferente,
642 1167 863 1217 hujusmodi
877 1179 938 1206 res
951 1175 1153 1216 excutere,
1171 1175 1213 1207 et
1225 1168 1278 1207 ad

227 1230 395 1268 rationes
413 1229 567 1268 criticas
581 1230 754 1280 exigere,
785 1239 1019 1270 assuescant.
1072 1232 1280 1271 Praemisi-

226 1307 311 1331 mus
329 1294 445 1332 etiam
465 1293 632 1332 indicem
651 1294 836 1332 librorum
854 1294 975 1333 MSS.
1006 1295 1056 1334 ad
1075 1308 1173 1347 quos
1191 1295 1279 1334 Ho-

224 1357 344 1396 ratius
374 1357 502 1396 adhuc
531 1369 714 1396 recensus
745 1365 826 1402 est3
854 1370 928 1397 nec
955 1372 1034 1398 non
1061 1359 1276 1399 editionum

221 1429 411 1467 veterum,
443 1434 605 1473 quarum
632 1422 820 1460 lectiones
848 1422 1038 1474 quaedam
1070 1422 1111 1461 in
1129 1423 1277 1463 notulis

219 1486 479 1537 proferuntur.

274 1550 527 1601 Nequaquam
559 1550 708 1588 consilii
741 1550 862 1589 nostri
891 1558 974 1589 erat
1002 1551 1214 1599 Horatium
1230 1563 1272 1590 e·

220 1614 416 1660 mendax-e,
445 1614 549 1664 quod
567 1626 706 1652 munus
719 1617 801 1666 Jam
820 1615 908 1666 plus
926 1615 1020 1654 satis
1037 1615 1092 1654 illi
1108 1616 1271 1667 praesti·

219 1687 302 1717 tum
320 1678 571 1725 arbitramur,
581 1679 686 1725 dum,
706 1679 824 1717 nimia
840 1679 899 1717 sui
916 1680 1075 1726 fiducia,
1099 1679 1270 1718 editores

217 1744 300 1782 fere
319 1744 564 1794 conjecturas
582 1755 668 1781 suas
687 1743 727 1780 in
745 1750 977 1781 contextum
993 1755 1109 1795 quem
1127 1751 1272 1782 vocnt

217 1808 403 1846 inducere
420 1807 558 1853 solent,
584 1819 709 1858 eoque
727 1807 1035 1845 venustissimum
1052 1808 1209 1858 poetam
1226 1820 1270 1846 ef·

216 1871 435 1908 mendando
453 1883 713 1922 corrumpere.
767 1870 884 1910 Hanc
901 1871 1093 1910 &horum
1111 1870 1269 1909 temeri-

216 1943 335 1973 tatem
356 1935 628 1985 improbantes,
647 1935 826 1974 lectionis
839 1934 958 1986 vulgo
975 1936 1157 1986 receptae
1172 1947 1265 1972 cm-

215 2012 294 2037 sam
314 1998 518 2049 aliquoties
537 1999 787 2049 suscepimus,
816 2012 893 2037 non
912 2004 1109 2049 nunquam
1126 2003 1265 2036 contra

215 2064 338 2114 ipsum
358 2062 601 2105 Bentleium3
628 2076 704 2100 non
724 2063 829 2114 quod
860 2063 932 2100 viri
949 2061 1093 2100 eruditi
1116 2062 1263 2112 paritet

213 2136 330 2178 atque
348 2126 451 2165 acuti
480 2126 655 2164 laudibus
682 2127 905 2165 obtrectare
926 2126 1165 2174 volebamus,
1189 2126 1261 2165 sed
