1370 2574
158 284 206 321 14
489 283 802 325 CARMINUM
853 288 884 326 I.

258 392 362 435 Quin
382 399 422 431 et
441 394 614 446 Atridas,
643 394 743 434 duce
762 403 817 444 te,
844 398 1045 449 superbos,

254 456 343 503 Ilio,
363 457 469 495 dives
488 458 679 506 Priamus,
698 459 853 509 relicto,

256 521 539 574 Thessalosque
558 524 682 575 ignes,
712 533 752 563 et
770 526 902 578 iniqua
918 526 1061 579 Trojae

271 593 273 595 '
460 589 609 635 Castra,
627 589 777 629 fefellit.

254 716 316 755 Tu
334 717 416 769 pias
435 718 546 757 laetis
565 719 710 758 animas
729 721 884 772 reponis

257 781 437 829 Sedibus,
467 783 652 835 virgaque
670 785 795 822 levem
814 786 973 824 coerces

254 847 390 887 Aurea
407 848 574 894 turbam,
602 848 750 899 superis
769 849 931 888 deorum

460 912 619 960 Gratus,
647 920 688 951 et
706 913 803 952 imis.

555 1129 670 1167 ODE
724 1129 795 1166 XI.

498 1268 559 1293 AD
587 1249 851 1298 LEUCONoEN.

100 1385 108 1389 ,
146 1361 210 1400 Tu
222 1373 271 1398 ne
283 1362 504 1412 quaesieris,
517 1363 616 1401 scire
628 1364 749 1412 nefas,
757 1379 873 1417 quem
884 1364 992 1411 mihi,
1005 1378 1119 1417 quem
1130 1366 1201 1405 tib'i

144 1425 279 1463 Finem
291 1426 330 1463 di
343 1426 534 1473 dederint,
547 1427 781 1474 Leucon0e'3
799 1443 873 1468 nec
888 1429 1122 1481 Babylonios

145 1489 322 1527 Tentaris
341 1503 534 1529 numeros.
554 1492 610 1531 Ut
624 1494 775 1541 melius,
795 1494 983 1547 quidquid
1001 1495 1088 1541 erit,
1103 1495 1200 1546 pati!

145 1553 223 1592 Seu
241 1555 370 1606 plures
388 1555 549 1603 hiemes,
573 1570 641 1596 seu
660 1559 795 1597 tribuit
812 1559 968 1610 Jupiter
986 1558 1175 1606 ultimam,

143 1619 253 1661 Quae
272 1633 376 1657 nunc
395 1621 580 1671 oppositis
599 1622 775 1661 debilitat
793 1622 1010 1675 pumicibus
1028 1636 1134 1672 mare

143 1684 399 1735 Tyrrhenum.
430 1684 576 1737 Sapias,
594 1687 683 1726 vina
699 1688 837 1740 liques,
856 1695 896 1726 et
914 1688 1038 1739 spatio
1055 1689 1164 1726 brevi

144 1749 260 1799 Spem
278 1749 432 1801 longam
460 1763 624 1790 reseces.
663 1752 770 1791 Dum
793 1752 1000 1804 loquimur,
1028 1752 1174 1805 fugerit

401 1815 532 1854 invida

143 1879 277 1917 Aetas.
302 1879 428 1932 Carpe
446 1880 563 1928 diem,
583 1895 698 1933 quam
716 1882 916 1922 minimum
935 1882 1095 1922 credula
1109 1895 1198 1936 pos·

401 1951 498 1984 tero.

542 2084 795 2106 ΙΙ
