1370 2574
379 312 694 356 CARMINUM
745 312 816 354 IV.
1063 316 1137 355 199

182 425 304 473 Gens,
322 437 437 478 quae,
455 433 626 465 cremato
642 426 754 464 fortis
771 426 820 464 ab
839 424 925 473 Ilio,

179 491 335 530 Jactata
353 489 489 528 Tuscis
507 490 738 542 aequoribus
756 503 878 538 sacra,

231 554 445 606 Namque,
462 561 709 606 maturosque
731 562 873 606 pati-ee,

282 617 449 656 Pertulit
466 618 664 658 Ausonias
681 618 731 657 ad
748 619 876 667 urbeS,

179 746 299 786 Duris
316 755 360 786 ut
376 747 456 785 ilex
473 753 587 785 tonsa
602 747 834 799 bipennibus

181 811 326 864 Nigrae
341 811 462 850 feraci
477 811 626 851 frondis
645 811 684 850 in
704 813 865 865 Algido,

231 876 310 915 Per
326 877 480 924 damna,
498 889 569 928 per
586 877 739 925 caedes,
758 879 806 916 ab
824 879 911 930 ipso

283 940 408 979 Ducit
425 952 520 991 opes
536 941 784 992 animumque
801 942 916 980 ferro.

180 1070 272 1108 Non
290 1070 444 1122 Hydra,
459 1077 570 1108 secto
587 1082 763 1121 corpore,
779 1070 926 1110 firmior

180 1134 295 1173 Vinci
313 1135 510 1173 dolentem
527 1134 650 1173 crevit
667 1134 707 1171 in
727 1134 956 1183 Herculem,

230 1197 500 1237 Monstrumve
518 1197 731 1236 submisere
749 1199 887 1238 Colchi

282 1262 429 1314 Majus‚
449 1261 712 1300 Echioniaeve
731 1262 904 1303 Thebae.

180 1389 334 1430 Merses
350 1391 557 1443 profundo,
575 1392 773 1444 pulchrior
789 1393 919 1433 evenit
930 1406 943 1432 a

179 1454 364 1503 Luctere,
381 1456 501 1495 multa
515 1465 676 1508 proruet
692 1458 885 1510 integrum

231 1521 331 1560 Cum
349 1520 462 1559 laude
479 1521 680 1569 victorem,
699 1531 889 1575 geretque

281 1585 435 1624 Proelia
451 1587 680 1636 conjugibus
696 1588 901 1637 loquenda.

182 1714 408 1765 Carthagini
420 1715 501 1765 jam
519 1727 595 1752 non
613 1726 690 1765 ego
707 1715 862 1753 nuntios

181 1778 339 1816 Mittam
357 1779 564 1830 superbos:
591 1778 750 1825 occidit,
769 1779 915 1818 occidit

235 1843 332 1894 Spes
350 1843 487 1889 omnis,
506 1849 546 1880 et
562 1843 856 1882 fortuna'nostri

286 1907 476 1954 Nominis,
495 1906 739 1946 Hasdrubale
757 1908 976 1950 interemto·

183 2036 249 2075 Nil
268 2036 451 2076 Claudiae
469 2050 547 2077 non
564 2037 768 2089 perficient
785 2053 936 2090 manus,
968 2024 982 2029 ᾖ
1010 2042 1013 2043 ’

184 2102 290 2144 Quas
306 2109 347 2140 et
363 2102 533 2154 benigno
550 2103 708 2142 numine
724 2104 882 2156 Jupiter

234 2165 436 2213 Defendit,
454 2175 495 2205 et
514 2180 630 2207 curae
648 2181 807 2220 sagaces

288 2228 513 2282 Expediunt
530 2245 599 2283 per
616 2240 732 2271 acuta
748 2234 850 2272 belli.

135 2293 254 2333 Tou.
285 2295 319 2332 I.
400 2355 403 2357 Β
646 2297 684 2335 R
