1370 2574
140 297 219 335 166
488 296 716 336 EPODON
767 297 850 337 xiii.

138 405 357 444 Muricibus
376 406 504 459 Tyriis
524 407 684 446 iteratae
703 409 848 447 vellera
864 408 976 447 lanae

290 471 364 509 Cui
382 473 718 524 properabantur?
747 474 818 512 tibi
835 485 1001 525 nempe3

136 535 197 573 Ne
215 535 316 574 foret
334 538 515 588 aequales
534 538 636 576 inter
654 539 828 586 conviva,
856 538 979 590 magis
997 551 1112 590 quem

294 601 489 653 Diligeret
507 604 646 641 mulier
664 616 746 651 sua,
775 617 890 656 quam
908 611 960 643 te.

135 668 172 705 Ο
191 681 264 719 ego
282 681 359 705 non
379 667 488 714 felix,
509 682 623 720 quam
644 676 687 707 tu
706 669 822 720 fugiS,
842 676 886 707 ut
903 676 1020 720 pavet
1036 681 1146 708 acres

287 733 403 782 Agna
421 733 546 784 lupos,
576 746 817 785 capreaeque
835 734 979 772 leones.

507 949 622 988 ODE
675 949 787 988 XIII.

515 1078 575 1105 AD
605 1079 669 1105 AM
676 1079 779 1106 ICOS.

128 1175 196 1214 Ho
202 1186 275 1212 mu
281 1186 340 1212 DA
352 1180 562 1226 tempestas
575 1175 726 1213 coelum
740 1173 949 1221 contraxit,
969 1182 1010 1214 et
1020 1174 1174 1223 imbres,

179 1241 377 1292 Nivesque
395 1239 595 1278 deducunt
613 1239 779 1278 Jovem:
798 1252 902 1278 nunc
920 1251 1040 1287 mare,
1069 1253 1176 1279 nunc

333 1305 453 1343 siliiae
1023 1318 1025 1320 ’

123 1372 306 1411 Threicio
324 1371 521 1423 Aquilone
539 1377 678 1409 sonant
691 1384 701 1408 ι
713 1370 920 1422 rapiamus,
932 1370 1060 1418 amici,

172 1436 429 1475 Occasionem
448 1435 496 1472 de
516 1435 579 1472 die
595 1450 604 1479 ;
632 1435 803 1486 dumque
820 1436 947 1473 virent
963 1448 1108 1487 genua,

124 1504 176 1541 Et
195 1503 323 1548 decet,
354 1500 524 1539 obducta
541 1499 712 1537 solvatur
729 1499 857 1538 fronte
875 1507 1069 1539 senectus.

175 1568 236 1605 Tu
253 1567 343 1604 vina
362 1565 561 1616 Torquato
579 1577 691 1602 move
710 1564 868 1603 consule
885 1577 1019 1616 pressa
1035 1578 1137 1606 meo.

50 1666 74 1679 „
123 1634 266 1672 Cetera
282 1631 393 1668 mitte
412 1630 540 1681 loqui:
565 1629 675 1667 Deus
693 1629 790 1668 haec
800 1628 963 1668 fortasse
975 1629 1147 1682 benigna

173 1697 355 1735 Reducet
374 1695 413 1733 in
431 1694 563 1733 sedem
581 1694 678 1732 vice.
708 1693 825 1732 Nunc
843 1700 883 1731 et
902 1693 1171 1734 Achaemenio

62 1797 65 1801 .
121 1761 307 1800 Pei-fundi
326 1760 446 1798 nardo
454 1762 584 1810 -juvat,
612 1765 652 1796 et
669 1758 746 1796 fide
766 1758 954 1809 Cyllenea

170 1827 320 1864 Levare
341 1825 445 1863 duris
463 1831 624 1876 pectora
642 1822 989 1869 sollicitudinibus;

120 1891 270 1930 Nobilis
289 1898 332 1928 ut
351 1889 487 1941 grandi
506 1889 651 1927 cecinit
669 1894 877 1926 centaurus
894 1887 1076 1926 alumno:

170 1955 320 1993 Invicte
338 1954 523 2000 mortalis,
551 1954 624 1992 dea
642 1961 731 1991 nate
749 1965 847 2004 puer
866 1952 1047 1998 Thetide,

119 2021 176 2058 Te
195 2026 324 2057 manet
346 2019 525 2056 Assaraci
544 2019 670 2064 tellus,
699 2030 813 2069 quam
831 2017 973 2068 frigida
989 2016 1096 2068 parvi

171 2083 339 2121 Findunt
353 2082 577 2121 Scamandri
590 2082 763 2128 flumina,
775 2081 947 2119 lubricus
959 2088 999 2120 et
1013 2081 1166 2128 Simois;

119 2150 234 2188 Unde
254 2148 322 2185 tibi
341 2147 507 2185 reditum
528 2153 636 2185 certo
653 2146 870 2184 subtemine
890 2146 1036 2185 Parcae

170 2215 326 2266 Rupere
339 2229 349 2258 3
367 2226 440 2251 nec
459 2219 582 2250 mater
600 2212 757 2251 domum
772 2212 927 2251 caerula
938 2219 977 2251 te
989 2213 1163 2252 revehet.
