1370 2574
182 307 258 349 170
529 307 761 348 EPODON
811 310 893 350 xvi.

336 418 477 457 Ratem
496 433 690 472 occupare
709 422 804 473 quid
821 434 1016 461 moramur
1032 421 1151 462 alite?

179 482 259 521 Sed
272 485 448 534 juremus
469 485 508 522 in
526 485 648 524 haec:
679 486 801 525 Simul
819 487 905 525 imis
923 499 1019 526 saxa
1034 486 1210 526 renarint

332 548 451 587 Vadis
468 549 610 598 levata,
638 565 688 590 ne
706 552 834 591 redire
852 552 902 590 sit
920 551 1054 596 nefas;

176 613 266 652 Neu
285 627 472 654 conversa
490 615 648 654 domum
666 618 800 669 pigeat
817 617 910 656 dare
924 617 1058 664 lintea,
1077 615 1234 669 quando

330 679 460 718 Padus
480 680 634 719 Matina
650 681 789 720 laverit
808 682 1024 730 cacumina,

172 743 219 782 In
238 757 345 782 mare
363 758 433 783 seu
453 745 579 784 celsus
596 746 835 797 procurrerit
854 747 1104 798 Apenninus,

327 809 517 862 Novaque
535 818 706 849 monstra
718 811 897 861 junxerit
914 811 1075 850 libidine

169 873 298 912 Mirus
316 887 446 919 amor;
467 876 580 925 juvet
599 882 642 913 ut
661 875 782 926 tigres
800 874 1001 913 subsidere
1019 877 1158 924 cervis,

325 939 584 977 Adulteretur
602 947 643 978 et
662 939 843 986 columba
858 940 994 987 miliio,

167 1002 337 1042 Credula
355 1016 430 1041 nec
448 1015 559 1041 ravos
578 1003 742 1041 timeant
759 1010 936 1041 armenta
951 1003 1101 1052 leones,

322 1068 520 1120 Ametque
538 1068 638 1106 salsa
655 1067 750 1106 levis
768 1068 900 1106 hircus
918 1081 1100 1120 aequora.

162 1131 291 1180 Haec,
304 1140 344 1171 et
356 1145 456 1184 quae
467 1139 654 1184 poterunt
666 1132 815 1170 reditus
829 1131 1060 1172 abscindere
1071 1133 1222 1182 dulces,

319 1197 464 1235 Eamus
483 1196 606 1235 omnis
625 1203 831 1235 exsecrata
849 1197 998 1244 civitas,

164 1263 248 1300 Aut
266 1275 356 1314 pars
373 1261 533 1300 indocili
551 1261 688 1300 melior
705 1274 850 1313 grege:
869 1261 994 1300 mollis
1012 1269 1054 1302 et
1070 1275 1212 1314 exspes

318 1326 537 1365 Inominata
554 1325 768 1377 perprimat
785 1326 942 1365 cubilia.

160 1391 254 1439 Vos,
275 1391 414 1443 quibus
433 1399 493 1429 est
510 1391 646 1437 virtus,
665 1391 896 1430 muliebrem
910 1391 1036 1430 tollite
1053 1391 1218 1440 luctum,

315 1455 482 1493 Etrusca
500 1462 655 1506 praeter
673 1463 713 1493 et
730 1456 860 1493 volate
876 1455 1020 1494 littora.

157 1522 240 1560 Nos
258 1528 390 1559 manet
409 1519 592 1558 Oceanus
604 1519 898 1571 circumvagus:
925 1532 1030 1568 arva,
1048 1521 1166 1560 beata

313 1585 499 1623 Petamus
527 1597 632 1631 arva,
661 1583 800 1623 divites
819 1591 860 1622 et
878 1584 1047 1630 insulas3

157 1649 305 1689 Reddit
323 1649 389 1687 ubi
410 1649 595 1699 Cererem
613 1649 730 1687 tellus
749 1649 898 1688 inarata
916 1649 1138 1701 quotannis,

313 1714 364 1752 Et
383 1714 575 1766 imputata
592 1715 707 1754 floret
725 1727 848 1766 usque
866 1713 994 1762 vinea,

154 1767 362 1818 Germinat
380 1786 421 1817 et
439 1792 638 1830 nunquam
656 1777 826 1817 fallentis
844 1787 988 1818 termes
1005 1778 1143 1828 olime,

310 1842 508 1895 Suamque
527 1842 633 1895 pulla
650 1844 748 1882 ficus
766 1852 879 1882 ornat
895 1843 1088 1892 arborem,

152 1907 278 1946 Mella
297 1921 393 1946 cava
410 1916 570 1947 manant
588 1922 640 1947 ex
658 1908 762 1956 ilice,
789 1908 985 1947 montibus
1002 1909 1090 1947 altis

307 1973 423 2011 Levis
443 1980 628 2025 crepante
647 1973 806 2025 lympha
824 1973 953 2012 desilit
969 1974 1084 2025 pede.

151 2036 238 2076 Illic
257 2036 425 2088 injussae
444 2038 607 2076 veniunt
624 2039 674 2076 ad
692 2038 860 2076 mulctra
877 2039 1065 2090 capellae,

306 2101 523 2154 Refertque
541 2110 650 2141 tenta
667 2115 766 2155 grex
784 2102 932 2141 amicus
951 2104 1072 2143 ubera
1079 2121 1093 2149 3

150 2167 238 2208 Nec
255 2162 499 2219 vespertinus
519 2167 790 2218 circumgemit
807 2180 919 2206 ursus
937 2168 1052 2216 ovile,

306 2231 393 2271 Nec
413 2231 637 2273 intumescit
655 2231 735 2271 alta
752 2232 894 2284 viperis
911 2231 1066 2271 humus.
