1370 2574
499 262 768 303 NOTULAE
1081 263 1159 302 219

370 355 418 381 nt
446 353 533 381 mn.
560 354 619 380 ιν.
646 351 898 379 οᾼιυιηιωι.

102 441 293 495 quaedam
320 440 568 492 reperiuntur
596 438 701 490 apud
730 437 937 489 scriptores
965 434 1153 474 Graecos.

100 505 277 547 Kana&
295 505 363 546 ro‘la
381 522 443 544 rav
459 501 707 558 Λμιςνλλιὸα.
774 501 920 540 Theoc.
943 501 1002 540 ld.
1020 500 1103 539 ΙΙΙ.
1121 503 1155 538 l.

151 572 186 611 1.
212 574 275 611 20.
322 570 400 609 Pro
416 571 547 617 citrea,
563 570 676 608 multi
695 567 814 607 MSS.
832 574 874 606 et
891 566 981 605 edd.
1001 565 1156 618 Cypria.

101 637 191 676 vid.
209 636 316 682 Jani,
342 635 410 688 qui
424 635 541 674 citrea
568 633 758 680 defendit,
787 639 828 670 et
860 631 1010 671 erudite
1042 629 1156 668 diluit

101 714 203 754 quae
219 701 270 740 de
286 700 408 739 nimio
439 700 585 738 citreae
601 698 722 737 trabis
739 697 867 750 pretio
884 696 1085 735 Gesnerus
1113 700 1157 733 et

101 766 168 805 alii
183 766 389 817 objecere.»
418 763 507 802 V-id.
528 763 627 802 Plin.
646 763 751 801 Hist.
772 762 863 800 Nat.
881 760 995 799 Xul.
1017 762 1080 807 15,
1096 761 1158 798 16.

151 831 218 869 22.
260 829 340 868 Alii
357 828 515 882 lyraque
530 834 567 867 et
585 827 812 879 Berecyntia
830 825 937 864 tibia.

153 895 218 935 37.
259 892 464 932 Nocturnis
476 898 514 930 te
525 906 593 944 ego
606 891 771 938 somniis,
789 890 851 928 vel
868 891 921 928 N.
935 903 1004 942 ego
1016 895 1054 927 te
1061 902 1158 927 som-

101 958 190 1006 niis,
218 957 280 996 vel
298 957 466 1008 denique
484 956 537 994 N.
556 962 593 994 te
608 955 771 1002 somniis,
803 954 922 993 MSS.
941 954 1099 1006 quidam
1116 960 1158 992 et

102 1020 188 1062 edd„
237 1021 318 1060 Sed
333 1022 444 1060 abest
461 1026 499 1059 te
515 1027 598 1059 tum
616 1020 845 1072 aplerisque
864 1018 986 1056 MSS.
1006 1025 1090 1056 tum
1106 1017 1157 1055 ab

103 1087 195 1125 edd.
211 1086 356 1140 primis.

154 1151 210 1189 11.
234 1154 274 1191 6.
313 1150 389 1189 Pro
407 1163 527 1202 quent,
546 1149 702 1201 quidam
721 1149 848 1187 bonae
866 1155 983 1192 notae
1001 1147 1159 1186 codices

102 1217 250 1256 habent
266 1230 361 1256 cum.

157 1279 565 1333 13.Regesque.1ta
581 1279 700 1330 vulgo
717 1278 885 1329 legitur.
921 1285 1043 1325 recte,
1075 1277 1159 1329 opi-

104 1358 189 1384 nor.
243 1345 324 1383 Alii
342 1358 503 1398 regesve,
531 1351 575 1382 ut
593 1344 706 1382 nobis
722 1344 890 1390 videtur,
911 1351 1047 1382 contra
1065 1343 1160 1393 poe'·

104 1416 169 1448 tae
186 1417 372 1448 mentem.

155 1477 219 1514 49.
252 1473 394 1526 Tuque,
420 1473 447 1510 i.
464 1486 500 1511 e.
518 1473 611 1511 dum
628 1480 687 1519 tu,
722 1473 888 1519 Antoni,
920 1471 1130 1524 procedis'
1118 1485 1159 1509 m

103 1550 246 1590 pompa
262 1537 498 1589 triumphali,
531 1538 755 1589 Augustum
774 1537 975 1576 comitans.
1027 1536 1159 1574 Locus

104 1609 188 1640 tum
206 1614 230 1640 a
246 1601 406 1647 criticis,
424 1608 507 1639 tum
525 1602 574 1639 ab
593 1601 868 1652 interpretibus
886 1608 1063 1640 vexatus.

156 1669 221 1706 58.
274 1665 351 1703 Pro
370 1672 505 1713 ortum,
525 1665 638 1703 codd.
653 1665 827 1703 nonnulli
846 1665 979 1703 orbem,

156 1730 228 1768 IV.
254 1731 292 1772 7.
354 1729 548 1781 Ver-nique,
553 1733 641 1783 jam
655 1729 786 1768 nimbis
796 1730 1061 1768 remotis—De
1079 1729 1158 1768 hoc

103 1795 192 1833 loco
210 1794 266 1833 sic
282 1794 323 1833 J.
342 1794 485 1832 Caesar
504 1793 703 1844 Scaliger:
746 1798 772 1817 “
789 1793 879 1831 Jam
893 1793 1082 1840 adultum,
1101 1794 1160 1835 in-

106 1864 134 1883 “
161 1858 260 1910 quit,
274 1858 426 1909 aquilae
443 1857 589 1909 pullum
604 1858 802 1905 describit,
817 1871 906 1896 cum
923 1858 1101 1896 attribuit
1118 1859 1158 1896 ei

106 1927 135 1948 “
157 1925 426 1974 juventutem:
452 1929 653 1973 praeterea
672 1936 760 1960 cum
776 1922 947 1960 demittit
964 1922 1005 1959 in
1022 1934 1159 1974 agnos,

109 1993 137 2011 ‘⁴
164 1994 204 2026 et
221 1987 262 2024 in
280 1986 482 2025 dracones.
536 1988 666 2030 Quare
685 2000 763 2026 non
790 1994 920 2039 potest
947 1986 1011 2025 hic
1030 1998 1159 2024 vlnus

110 2056 137 2075 ‘⁴
162 2051 292 2089 facere
314 2050 579 2095 mentionem;
604 2064 693 2090 nam
724 2052 850 2103 primo
881 2052 1040 2088 ineunte
1065 2063 1159 2089 vere

109 2119 138 2139 ‘⁸
164 2114 291 2166 aquila
301 2115 402 2166 parit
416 2129 427 2152 ε
446 2115 603 2154 incubat
617 2116 774 2154 tricenis
788 2116 947 2154 diebus:
964 2115 1030 2152 vix
1044 2121 1159 2153 sexto

109 2183 139 2203 “
164 2191 298 2218 mense
330 2178 558 2233 (Augusto)
593 2181 645 2219 ad
678 2181 924 2220 venationem
954 2180 1035 2231 apti
1067 2186 1160 2220 sunt
