<?xml version="1.0" encoding="UTF-8"?>
<!DOCTYPE html PUBLIC "-//W3C//DTD XHTML 1.0 Transitional//EN"
    "http://www.w3.org/TR/xhtml1/DTD/xhtml1-transitional.dtd">
<html xmlns="http://www.w3.org/1999/xhtml" xml:lang="en" lang="en">
 <head>
  <title>
</title>
<meta http-equiv="Content-Type" content="text/html;charset=utf-8" />
  <meta name='ocr-system' content='tesseract 3.04.00' />
  <meta name='ocr-capabilities' content='ocr_page ocr_carea ocr_par ocr_line ocrx_word'/>
</head>
<body>
  <div class='ocr_page' id='page_1' title='image "./operahunt01horauoft_0154.png"; bbox 0 0 1370 2574; ppageno 0'>
   <div class='ocr_carea' id='block_1_1' title="bbox 170 287 248 326">
    <p class='ocr_par' dir='ltr' id='par_1_1' title="bbox 170 287 248 326">
     <span class='ocr_line' id='line_1_1' title="bbox 170 287 248 326; baseline 0 0"><span class='ocrx_word' id='word_1_1' title='bbox 170 287 248 326; x_wconf 80' lang='lat'><strong>122</strong></span> 
     </span>
    </p>
   </div>
   <div class='ocr_carea' id='block_1_2' title="bbox 274 282 1122 1351">
    <p class='ocr_par' dir='ltr' id='par_1_2' title="bbox 479 282 917 323">
     <span class='ocr_line' id='line_1_2' title="bbox 479 282 917 323; baseline 0 0"><span class='ocrx_word' id='word_1_2' title='bbox 479 282 792 323; x_wconf 83' lang='lat' dir='ltr'><strong>CARMINUM</strong></span> <span class='ocrx_word' id='word_1_3' title='bbox 843 283 917 323; x_wconf 89' lang='lat' dir='ltr'><strong>IV.</strong></span> 
     </span>
    </p>

    <p class='ocr_par' dir='ltr' id='par_1_3' title="bbox 379 395 896 447">
     <span class='ocr_line' id='line_1_3' title="bbox 379 395 896 447; baseline -0.004 -13"><span class='ocrx_word' id='word_1_4' title='bbox 379 395 432 434; x_wconf 92' lang='lat' dir='ltr'><strong>Et</strong></span> <span class='ocrx_word' id='word_1_5' title='bbox 451 403 608 434; x_wconf 88' lang='lat' dir='ltr'><strong>centum</strong></span> <span class='ocrx_word' id='word_1_6' title='bbox 626 408 723 447; x_wconf 91' lang='lat' dir='ltr'><strong>puer</strong></span> <span class='ocrx_word' id='word_1_7' title='bbox 741 395 896 442; x_wconf 88' lang='lat' dir='ltr'><strong>artium,</strong></span> 
     </span>
    </p>

    <p class='ocr_par' dir='ltr' id='par_1_4' title="bbox 274 459 925 578">
     <span class='ocr_line' id='line_1_4' title="bbox 274 459 925 513; baseline -0.005 -13"><span class='ocrx_word' id='word_1_8' title='bbox 274 459 374 500; x_wconf 84' lang='lat' dir='ltr'><strong>Late</strong></span> <span class='ocrx_word' id='word_1_9' title='bbox 393 462 505 513; x_wconf 87' lang='lat' dir='ltr'><strong>signa</strong></span> <span class='ocrx_word' id='word_1_10' title='bbox 517 460 618 498; x_wconf 89' lang='lat' dir='ltr'><strong>feret</strong></span> <span class='ocrx_word' id='word_1_11' title='bbox 631 459 790 498; x_wconf 84' lang='lat' dir='ltr'><strong>militiae</strong></span> <span class='ocrx_word' id='word_1_12' title='bbox 807 466 925 504; x_wconf 54' lang='lat' dir='ltr'><strong>tuam</strong></span> 
     </span>
     <span class='ocr_line' id='line_1_5' title="bbox 381 524 909 578; baseline -0.004 -14"><span class='ocrx_word' id='word_1_13' title='bbox 381 525 446 574; x_wconf 83' lang='lat' dir='ltr'><strong>Et,</strong></span> <span class='ocrx_word' id='word_1_14' title='bbox 465 526 695 578; x_wconf 87' lang='lat' dir='ltr'><strong>quandoque</strong></span> <span class='ocrx_word' id='word_1_15' title='bbox 713 524 909 576; x_wconf 85' lang='lat' dir='ltr'><strong>potentior</strong></span> 
     </span>
    </p>

    <p class='ocr_par' dir='ltr' id='par_1_5' title="bbox 277 588 976 707">
     <span class='ocr_line' id='line_1_6' title="bbox 277 588 976 644; baseline -0.007 -13"><span class='ocrx_word' id='word_1_16' title='bbox 277 591 415 644; x_wconf 85' lang='lat' dir='ltr'>Largis</span> <span class='ocrx_word' id='word_1_17' title='bbox 434 591 656 629; x_wconf 87' lang='lat' dir='ltr'><strong>muneribus</strong></span> <span class='ocrx_word' id='word_1_18' title='bbox 676 589 801 627; x_wconf 80' lang='lat' dir='ltr'>riserit</span> <span class='ocrx_word' id='word_1_19' title='bbox 819 588 976 636; x_wconf 80' lang='lat' dir='ltr'>aemuli,</span> 
     </span>
     <span class='ocr_line' id='line_1_7' title="bbox 384 654 880 707; baseline -0.006 -13"><span class='ocrx_word' id='word_1_20' title='bbox 384 656 557 695; x_wconf 83' lang='lat' dir='ltr'><strong>Albanos</strong></span> <span class='ocrx_word' id='word_1_21' title='bbox 575 667 696 707; x_wconf 88' lang='lat' dir='ltr'>prope</span> <span class='ocrx_word' id='word_1_22' title='bbox 715 661 756 692; x_wconf 91' lang='lat' dir='ltr'><strong>te</strong></span> <span class='ocrx_word' id='word_1_23' title='bbox 773 654 880 692; x_wconf 87' lang='lat' dir='ltr'><strong>lacus</strong></span> 
     </span>
    </p>

    <p class='ocr_par' dir='ltr' id='par_1_6' title="bbox 277 717 1050 836">
     <span class='ocr_line' id='line_1_8' title="bbox 277 717 1050 760; baseline -0.006 0"><span class='ocrx_word' id='word_1_24' title='bbox 277 719 404 760; x_wconf 87' lang='lat' dir='ltr'><strong>Ponet</strong></span> <span class='ocrx_word' id='word_1_25' title='bbox 422 733 675 760; x_wconf 86' lang='lat' dir='ltr'><strong>marmoream</strong></span> <span class='ocrx_word' id='word_1_26' title='bbox 694 720 764 757; x_wconf 91' lang='lat' dir='ltr'><strong>sub</strong></span> <span class='ocrx_word' id='word_1_27' title='bbox 782 719 891 759; x_wconf 85' lang='lat' dir='ltr'><strong>trabe</strong></span> <span class='ocrx_word' id='word_1_28' title='bbox 915 717 1050 756; x_wconf 85' lang='lat' dir='ltr'><strong>citrea.</strong></span> 
     </span>
     <span class='ocr_line' id='line_1_9' title="bbox 382 783 822 836; baseline -0.005 -14"><span class='ocrx_word' id='word_1_29' title='bbox 382 785 468 823; x_wconf 92' lang='lat' dir='ltr'><strong>Illic</strong></span> <span class='ocrx_word' id='word_1_30' title='bbox 486 785 649 836; x_wconf 86' lang='lat' dir='ltr'><strong>plurima</strong></span> <span class='ocrx_word' id='word_1_31' title='bbox 666 783 822 821; x_wconf 88' lang='lat' dir='ltr'><strong>naribus</strong></span> 
     </span>
    </p>

    <p class='ocr_par' dir='ltr' id='par_1_7' title="bbox 279 846 1084 952">
     <span class='ocr_line' id='line_1_10' title="bbox 279 846 1084 900; baseline -0.005 -12"><span class='ocrx_word' id='word_1_32' title='bbox 279 850 414 888; x_wconf 91' lang='lat' dir='ltr'>Duces</span> <span class='ocrx_word' id='word_1_33' title='bbox 432 857 539 892; x_wconf 89' lang='lat' dir='ltr'><strong>tura;</strong></span> <span class='ocrx_word' id='word_1_34' title='bbox 565 849 749 900; x_wconf 87' lang='lat' dir='ltr'><strong>lyraeque</strong></span> <span class='ocrx_word' id='word_1_35' title='bbox 767 854 808 885; x_wconf 87' lang='lat' dir='ltr'><strong>et</strong></span> <span class='ocrx_word' id='word_1_36' title='bbox 825 846 1084 898; x_wconf 82' lang='lat' dir='ltr'><strong>Berecyntiae</strong></span> 
     </span>
     <span class='ocr_line' id='line_1_11' title="bbox 382 913 775 952; baseline -0.003 -1"><span class='ocrx_word' id='word_1_37' title='bbox 382 914 643 952; x_wconf 83' lang='lat' dir='ltr'><strong>Delectabere</strong></span> <span class='ocrx_word' id='word_1_38' title='bbox 657 913 775 950; x_wconf 87' lang='lat' dir='ltr'><strong>tibiae</strong></span> 
     </span>
    </p>

    <p class='ocr_par' dir='ltr' id='par_1_8' title="bbox 280 976 1043 1096">
     <span class='ocr_line' id='line_1_12' title="bbox 280 976 1043 1024; baseline -0.004 -7"><span class='ocrx_word' id='word_1_39' title='bbox 280 979 421 1018; x_wconf 86' lang='lat' dir='ltr'><strong>Mixtis</strong></span> <span class='ocrx_word' id='word_1_40' title='bbox 440 977 686 1024; x_wconf 81' lang='lat' dir='ltr'><strong>carminibus,</strong></span> <span class='ocrx_word' id='word_1_41' title='bbox 707 990 786 1015; x_wconf 90' lang='lat' dir='ltr'><strong>non</strong></span> <span class='ocrx_word' id='word_1_42' title='bbox 804 977 886 1015; x_wconf 82' lang='lat' dir='ltr'><strong>sine</strong></span> <span class='ocrx_word' id='word_1_43' title='bbox 904 976 1043 1015; x_wconf 80' lang='lat' dir='ltr'><strong>fistula.</strong></span> 
     </span>
     <span class='ocr_line' id='line_1_13' title="bbox 386 1043 948 1096; baseline -0.004 -15"><span class='ocrx_word' id='word_1_44' title='bbox 386 1043 471 1081; x_wconf 88' lang='lat' dir='ltr'><strong>Illic</strong></span> <span class='ocrx_word' id='word_1_45' title='bbox 489 1044 549 1081; x_wconf 88' lang='lat' dir='ltr'><strong>bis</strong></span> <span class='ocrx_word' id='word_1_46' title='bbox 567 1043 677 1095; x_wconf 88' lang='lat' dir='ltr'><strong>pueri</strong></span> <span class='ocrx_word' id='word_1_47' title='bbox 696 1043 759 1080; x_wconf 86' lang='lat' dir='ltr'><strong>die</strong></span> <span class='ocrx_word' id='word_1_48' title='bbox 945 1093 948 1096; x_wconf 30' lang='grc' dir='ltr'>Ι</span> 
     </span>
    </p>

    <p class='ocr_par' dir='ltr' id='par_1_9' title="bbox 280 1107 1103 1223">
     <span class='ocr_line' id='line_1_14' title="bbox 280 1107 1103 1158; baseline -0.005 -11"><span class='ocrx_word' id='word_1_49' title='bbox 280 1109 450 1155; x_wconf 90' lang='lat' dir='ltr'><strong>Numen,</strong></span> <span class='ocrx_word' id='word_1_50' title='bbox 479 1121 567 1146; x_wconf 92' lang='lat' dir='ltr'><strong>cum</strong></span> <span class='ocrx_word' id='word_1_51' title='bbox 585 1108 731 1146; x_wconf 78' lang='lat' dir='ltr'><strong>teneris</strong></span> <span class='ocrx_word' id='word_1_52' title='bbox 749 1107 974 1158; x_wconf 79' lang='lat' dir='ltr'><strong>virgim&#39;bus,</strong></span> <span class='ocrx_word' id='word_1_53' title='bbox 991 1111 1103 1144; x_wconf 86' lang='lat' dir='ltr'><strong>tuum</strong></span> 
     </span>
     <span class='ocr_line' id='line_1_15' title="bbox 384 1171 931 1223; baseline -0.004 -13"><span class='ocrx_word' id='word_1_54' title='bbox 384 1172 621 1219; x_wconf 84' lang='lat' dir='ltr'><strong>LaudanteS,</strong></span> <span class='ocrx_word' id='word_1_55' title='bbox 649 1171 750 1223; x_wconf 92' lang='lat' dir='ltr'><strong>pede</strong></span> <span class='ocrx_word' id='word_1_56' title='bbox 765 1171 931 1210; x_wconf 81' lang='lat' dir='ltr'><strong>candido</strong></span> 
     </span>
    </p>

    <p class='ocr_par' dir='ltr' id='par_1_10' title="bbox 282 1234 1122 1351">
     <span class='ocr_line' id='line_1_16' title="bbox 282 1234 1122 1287; baseline -0.005 -12"><span class='ocrx_word' id='word_1_57' title='bbox 282 1238 329 1275; x_wconf 90' lang='lat' dir='ltr'><strong>In</strong></span> <span class='ocrx_word' id='word_1_58' title='bbox 347 1250 494 1275; x_wconf 88' lang='lat' dir='ltr'><strong>morem</strong></span> <span class='ocrx_word' id='word_1_59' title='bbox 516 1236 661 1274; x_wconf 72' lang='lat' dir='ltr'><strong>Salium</strong></span> <span class='ocrx_word' id='word_1_60' title='bbox 680 1243 741 1274; x_wconf 86' lang='lat' dir='ltr'><strong>ter</strong></span> <span class='ocrx_word' id='word_1_61' title='bbox 759 1235 934 1287; x_wconf 87' lang='lat' dir='ltr'><strong>quatient</strong></span> <span class='ocrx_word' id='word_1_62' title='bbox 950 1234 1122 1272; x_wconf 89' lang='lat' dir='ltr'><strong>humum.</strong></span> 
     </span>
     <span class='ocr_line' id='line_1_17' title="bbox 387 1300 931 1351; baseline -0.006 -12"><span class='ocrx_word' id='word_1_63' title='bbox 387 1301 458 1339; x_wconf 90' lang='lat' dir='ltr'><strong>Me</strong></span> <span class='ocrx_word' id='word_1_64' title='bbox 477 1315 551 1339; x_wconf 90' lang='lat' dir='ltr'><strong>nec</strong></span> <span class='ocrx_word' id='word_1_65' title='bbox 568 1300 726 1347; x_wconf 87' lang='lat' dir='ltr'><strong>femina,</strong></span> <span class='ocrx_word' id='word_1_66' title='bbox 746 1314 820 1339; x_wconf 90' lang='lat' dir='ltr'><strong>nec</strong></span> <span class='ocrx_word' id='word_1_67' title='bbox 834 1312 931 1351; x_wconf 89' lang='lat' dir='ltr'><strong>puer</strong></span> 
     </span>
    </p>
   </div>
   <div class='ocr_carea' id='block_1_3' title="bbox 262 1363 1053 1416">
    <p class='ocr_par' dir='ltr' id='par_1_11' title="bbox 262 1363 1053 1416">
     <span class='ocr_line' id='line_1_18' title="bbox 262 1363 1053 1416; baseline -0.006 -11"><span class='ocrx_word' id='word_1_68' title='bbox 262 1367 385 1413; x_wconf 53' lang='lat' dir='ltr'><strong>dam,</strong></span> <span class='ocrx_word' id='word_1_69' title='bbox 404 1378 478 1403; x_wconf 88' lang='lat' dir='ltr'><strong>nec</strong></span> <span class='ocrx_word' id='word_1_70' title='bbox 497 1378 584 1416; x_wconf 87' lang='lat' dir='ltr'><strong>spes</strong></span> <span class='ocrx_word' id='word_1_71' title='bbox 604 1366 722 1403; x_wconf 86' lang='lat' dir='ltr'><strong>animi</strong></span> <span class='ocrx_word' id='word_1_72' title='bbox 742 1364 899 1403; x_wconf 89' lang='lat' dir='ltr'><strong>credula</strong></span> <span class='ocrx_word' id='word_1_73' title='bbox 915 1363 1053 1410; x_wconf 88' lang='lat' dir='ltr'><strong>mutui,</strong></span> 
     </span>
    </p>
   </div>
   <div class='ocr_carea' id='block_1_4' title="bbox 284 1430 1170 2065">
    <p class='ocr_par' dir='ltr' id='par_1_12' title="bbox 388 1430 907 1478">
     <span class='ocr_line' id='line_1_19' title="bbox 388 1430 907 1478; baseline -0.004 -11"><span class='ocrx_word' id='word_1_74' title='bbox 388 1430 474 1467; x_wconf 89' lang='lat' dir='ltr'><strong>Nec</strong></span> <span class='ocrx_word' id='word_1_75' title='bbox 493 1436 644 1467; x_wconf 81' lang='lat' dir='ltr'><strong>certare</strong></span> <span class='ocrx_word' id='word_1_76' title='bbox 657 1430 768 1478; x_wconf 86' lang='lat' dir='ltr'><strong>juvat</strong></span> <span class='ocrx_word' id='word_1_77' title='bbox 786 1441 907 1474; x_wconf 85' lang='lat' dir='ltr'><strong>mero,</strong></span> 
     </span>
    </p>

    <p class='ocr_par' dir='ltr' id='par_1_13' title="bbox 284 1490 1040 1607">
     <span class='ocr_line' id='line_1_20' title="bbox 284 1490 1040 1543; baseline -0.008 -9"><span class='ocrx_word' id='word_1_78' title='bbox 284 1496 371 1534; x_wconf 88' lang='lat' dir='ltr'><strong>Nec</strong></span> <span class='ocrx_word' id='word_1_79' title='bbox 389 1494 536 1532; x_wconf 86' lang='lat' dir='ltr'><strong>vincire</strong></span> <span class='ocrx_word' id='word_1_80' title='bbox 553 1493 661 1531; x_wconf 88' lang='lat' dir='ltr'><strong>novis</strong></span> <span class='ocrx_word' id='word_1_81' title='bbox 680 1500 854 1543; x_wconf 87' lang='lat' dir='ltr'><strong>tempora</strong></span> <span class='ocrx_word' id='word_1_82' title='bbox 871 1490 1040 1529; x_wconf 82' lang='lat' dir='ltr'><strong>floribus.</strong></span> 
     </span>
     <span class='ocr_line' id='line_1_21' title="bbox 392 1555 991 1607; baseline -0.008 -11"><span class='ocrx_word' id='word_1_83' title='bbox 392 1557 474 1596; x_wconf 88' lang='lat' dir='ltr'><strong>Sed</strong></span> <span class='ocrx_word' id='word_1_84' title='bbox 489 1571 572 1604; x_wconf 89' lang='lat' dir='ltr'><strong>cur,</strong></span> <span class='ocrx_word' id='word_1_85' title='bbox 590 1557 683 1595; x_wconf 89' lang='lat' dir='ltr'><strong>heu!</strong></span> <span class='ocrx_word' id='word_1_86' title='bbox 701 1555 903 1607; x_wconf 88' lang='lat' dir='ltr'><strong>Ligurine,</strong></span> <span class='ocrx_word' id='word_1_87' title='bbox 921 1567 991 1593; x_wconf 89' lang='lat' dir='ltr'><strong>cur</strong></span> 
     </span>
    </p>

    <p class='ocr_par' dir='ltr' id='par_1_14' title="bbox 285 1619 1073 1739">
     <span class='ocr_line' id='line_1_22' title="bbox 285 1619 1073 1672; baseline -0.009 -9"><span class='ocrx_word' id='word_1_88' title='bbox 285 1625 426 1664; x_wconf 82' lang='lat' dir='ltr'><strong>Manat</strong></span> <span class='ocrx_word' id='word_1_89' title='bbox 443 1635 529 1660; x_wconf 87' lang='lat' dir='ltr'><strong>rara</strong></span> <span class='ocrx_word' id='word_1_90' title='bbox 545 1635 651 1661; x_wconf 84' lang='lat' dir='ltr'><strong>meas</strong></span> <span class='ocrx_word' id='word_1_91' title='bbox 667 1621 826 1660; x_wconf 86' lang='lat' dir='ltr'><strong>lacrima</strong></span> <span class='ocrx_word' id='word_1_92' title='bbox 842 1633 911 1672; x_wconf 88' lang='lat' dir='ltr'><strong>per</strong></span> <span class='ocrx_word' id='word_1_93' title='bbox 928 1619 1073 1670; x_wconf 78' lang='lat' dir='ltr'><strong>genas?</strong></span> 
     </span>
     <span class='ocr_line' id='line_1_23' title="bbox 394 1685 973 1739; baseline -0.01 -11"><span class='ocrx_word' id='word_1_94' title='bbox 394 1689 474 1728; x_wconf 85' lang='lat' dir='ltr'><strong>Cur</strong></span> <span class='ocrx_word' id='word_1_95' title='bbox 490 1687 659 1726; x_wconf 68' lang='lat' dir='ltr'><strong>facunda</strong></span> <span class='ocrx_word' id='word_1_96' title='bbox 675 1699 810 1739; x_wconf 86' lang='lat' dir='ltr'><strong>parum</strong></span> <span class='ocrx_word' id='word_1_97' title='bbox 829 1685 973 1723; x_wconf 88' lang='lat' dir='ltr'><strong>decoro</strong></span> 
     </span>
    </p>

    <p class='ocr_par' dir='ltr' id='par_1_15' title="bbox 285 1748 1000 1869">
     <span class='ocr_line' id='line_1_24' title="bbox 285 1748 1000 1802; baseline -0.01 -8"><span class='ocrx_word' id='word_1_98' title='bbox 285 1756 395 1794; x_wconf 86' lang='lat' dir='ltr'><strong>Inter</strong></span> <span class='ocrx_word' id='word_1_99' title='bbox 411 1754 530 1792; x_wconf 86' lang='lat' dir='ltr'><strong>verba</strong></span> <span class='ocrx_word' id='word_1_100' title='bbox 548 1752 652 1791; x_wconf 89' lang='lat' dir='ltr'><strong>cadit</strong></span> <span class='ocrx_word' id='word_1_101' title='bbox 670 1752 803 1802; x_wconf 88' lang='lat' dir='ltr'><strong>lingua</strong></span> <span class='ocrx_word' id='word_1_102' title='bbox 820 1748 1000 1789; x_wconf 77' lang='lat' dir='ltr'><strong>silentio?</strong></span> 
     </span>
     <span class='ocr_line' id='line_1_25' title="bbox 392 1814 870 1869; baseline -0.006 -12"><span class='ocrx_word' id='word_1_103' title='bbox 392 1818 603 1857; x_wconf 88' lang='lat' dir='ltr'><strong>Nocturnis</strong></span> <span class='ocrx_word' id='word_1_104' title='bbox 622 1830 697 1869; x_wconf 86' lang='lat' dir='ltr'><strong>ego</strong></span> <span class='ocrx_word' id='word_1_105' title='bbox 715 1814 870 1855; x_wconf 85' lang='lat' dir='ltr'><strong>somniis</strong></span> 
     </span>
    </p>

    <p class='ocr_par' dir='ltr' id='par_1_16' title="bbox 286 1880 1170 2000">
     <span class='ocr_line' id='line_1_26' title="bbox 286 1880 1170 1935; baseline -0.009 -11"><span class='ocrx_word' id='word_1_106' title='bbox 286 1885 313 1924; x_wconf 85' lang='lat' dir='ltr'>J</span> <span class='ocrx_word' id='word_1_107' title='bbox 315 1898 376 1923; x_wconf 86' lang='lat' dir='ltr'><strong>am</strong></span> <span class='ocrx_word' id='word_1_108' title='bbox 395 1891 550 1935; x_wconf 84' lang='lat' dir='ltr'><strong>captum</strong></span> <span class='ocrx_word' id='word_1_109' title='bbox 568 1889 698 1929; x_wconf 91' lang='lat' dir='ltr'><strong>teneo,</strong></span> <span class='ocrx_word' id='word_1_110' title='bbox 718 1883 798 1932; x_wconf 84' lang='lat' dir='ltr'><strong>jam</strong></span> <span class='ocrx_word' id='word_1_111' title='bbox 816 1880 1012 1918; x_wconf 91' lang='lat' dir='ltr'><strong>volucrem</strong></span> <span class='ocrx_word' id='word_1_112' title='bbox 1030 1891 1170 1930; x_wconf 80' lang='lat' dir='ltr'><strong>sequor</strong></span> 
     </span>
     <span class='ocr_line' id='line_1_27' title="bbox 393 1944 880 2000; baseline -0.01 -13"><span class='ocrx_word' id='word_1_113' title='bbox 393 1948 451 1987; x_wconf 90' lang='lat' dir='ltr'><strong>Te</strong></span> <span class='ocrx_word' id='word_1_114' title='bbox 469 1946 730 2000; x_wconf 81' lang='lat' dir='ltr'><strong>pergramina</strong></span> <span class='ocrx_word' id='word_1_115' title='bbox 746 1944 880 1983; x_wconf 86' lang='lat' dir='ltr'><strong>Martii</strong></span> 
     </span>
    </p>

    <p class='ocr_par' dir='ltr' id='par_1_17' title="bbox 289 2007 1078 2065">
     <span class='ocr_line' id='line_1_28' title="bbox 289 2007 1078 2065; baseline -0.008 -12"><span class='ocrx_word' id='word_1_116' title='bbox 289 2013 438 2065; x_wconf 90' lang='lat' dir='ltr'><strong>Campi,</strong></span> <span class='ocrx_word' id='word_1_117' title='bbox 457 2019 497 2050; x_wconf 83' lang='lat' dir='ltr'><strong>te</strong></span> <span class='ocrx_word' id='word_1_118' title='bbox 515 2024 586 2063; x_wconf 89' lang='lat' dir='ltr'><strong>per</strong></span> <span class='ocrx_word' id='word_1_119' title='bbox 602 2023 733 2061; x_wconf 85' lang='lat' dir='ltr'><strong>aquas,</strong></span> <span class='ocrx_word' id='word_1_120' title='bbox 752 2010 862 2056; x_wconf 89' lang='lat' dir='ltr'><strong>dure,</strong></span> <span class='ocrx_word' id='word_1_121' title='bbox 879 2007 1078 2047; x_wconf 87' lang='lat' dir='ltr'><strong>volubiles.</strong></span> 
     </span>
    </p>
   </div>
   <div class='ocr_carea' id='block_1_5' title="bbox 581 2134 833 2147">
    <p class='ocr_par' dir='ltr' id='par_1_18' title="bbox 581 2134 833 2147">
     <span class='ocr_line' id='line_1_29' title="bbox 581 2134 833 2147; baseline 0 0"><span class='ocrx_word' id='word_1_122' title='bbox 581 2134 833 2147; x_wconf 95' lang='lat' dir='ltr'><strong> </strong></span> 
     </span>
    </p>
   </div>
   <div class='ocr_carea' id='block_1_6' title="bbox 582 2149 833 2158">
    <p class='ocr_par' dir='ltr' id='par_1_19' title="bbox 582 2149 833 2158">
     <span class='ocr_line' id='line_1_30' title="bbox 582 2149 833 2158; baseline 0 416"><span class='ocrx_word' id='word_1_123' title='bbox 582 2149 833 2158; x_wconf 95' lang='lat' dir='ltr'><strong> </strong></span> 
     </span>
    </p>
   </div>
  </div>
 </body>
</html>
