<?xml version="1.0" encoding="UTF-8"?>
<!DOCTYPE html PUBLIC "-//W3C//DTD XHTML 1.0 Transitional//EN"
    "http://www.w3.org/TR/xhtml1/DTD/xhtml1-transitional.dtd">
<html xmlns="http://www.w3.org/1999/xhtml" xml:lang="en" lang="en">
 <head>
  <title>
</title>
<meta http-equiv="Content-Type" content="text/html;charset=utf-8" />
  <meta name='ocr-system' content='tesseract 3.04.00' />
  <meta name='ocr-capabilities' content='ocr_page ocr_carea ocr_par ocr_line ocrx_word'/>
</head>
<body>
  <div class='ocr_page' id='page_1' title='image "./operahunt01horauoft_0228.png"; bbox 0 0 1370 2574; ppageno 0'>
   <div class='ocr_carea' id='block_1_1' title="bbox 170 235 948 356">
    <p class='ocr_par' dir='ltr' id='par_1_1' title="bbox 170 235 948 356">
     <span class='ocr_line' id='line_1_1' title="bbox 170 235 832 277; baseline 0.003 -3"><span class='ocrx_word' id='word_1_1' title='bbox 170 236 245 275; x_wconf 87' lang='grc'><strong>196</strong></span> <span class='ocrx_word' id='word_1_2' title='bbox 563 235 832 277; x_wconf 85' lang='lat' dir='ltr'>NOTULAE</span> 
     </span>
     <span class='ocr_line' id='line_1_2' title="bbox 451 325 948 356; baseline 0.006 -5"><span class='ocrx_word' id='word_1_3' title='bbox 451 325 499 352; x_wconf 76' lang='lat' dir='ltr'><strong>m</strong></span> <span class='ocrx_word' id='word_1_4' title='bbox 526 325 611 354; x_wconf 74' lang='lat' dir='ltr'><strong>Lm.</strong></span> <span class='ocrx_word' id='word_1_5' title='bbox 640 327 671 354; x_wconf 85' lang='lat'><strong>1.</strong></span> <span class='ocrx_word' id='word_1_6' title='bbox 697 326 948 356; x_wconf 66' lang='lat' dir='ltr'><strong>cmmmtm.</strong></span> 
     </span>
    </p>
   </div>
   <div class='ocr_carea' id='block_1_2' title="bbox 161 410 1222 787">
    <p class='ocr_par' dir='ltr' id='par_1_2' title="bbox 165 410 1220 531">
     <span class='ocr_line' id='line_1_3' title="bbox 167 410 1220 462; baseline 0.007 -15"><span class='ocrx_word' id='word_1_7' title='bbox 167 422 260 462; x_wconf 91' lang='lat' dir='ltr'><strong>quo,</strong></span> <span class='ocrx_word' id='word_1_8' title='bbox 287 416 332 449; x_wconf 89' lang='lat' dir='ltr'><strong>ut</strong></span> <span class='ocrx_word' id='word_1_9' title='bbox 349 410 516 459; x_wconf 87' lang='lat' dir='ltr'><strong>videtur,</strong></span> <span class='ocrx_word' id='word_1_10' title='bbox 542 419 668 452; x_wconf 86' lang='lat' dir='ltr'><strong>metro</strong></span> <span class='ocrx_word' id='word_1_11' title='bbox 695 414 975 453; x_wconf 83' lang='lat' dir='ltr'><strong>consuleretur.</strong></span> <span class='ocrx_word' id='word_1_12' title='bbox 1027 412 1220 462; x_wconf 71' lang='lat' dir='ltr'><strong>Daunias,</strong></span> 
     </span>
     <span class='ocr_line' id='line_1_4' title="bbox 165 473 1050 531; baseline 0.005 -19"><span class='ocrx_word' id='word_1_13' title='bbox 165 487 307 526; x_wconf 86' lang='lat' dir='ltr'><strong>nempe</strong></span> <span class='ocrx_word' id='word_1_14' title='bbox 325 473 449 522; x_wconf 76' lang='lat' dir='ltr'><strong>tellus,</strong></span> <span class='ocrx_word' id='word_1_15' title='bbox 476 477 582 529; x_wconf 90' lang='lat' dir='ltr'><strong>quod</strong></span> <span class='ocrx_word' id='word_1_16' title='bbox 598 490 622 516; x_wconf 92' lang='lat' dir='ltr'><strong>e</strong></span> <span class='ocrx_word' id='word_1_17' title='bbox 640 490 748 531; x_wconf 84' lang='lat' dir='ltr'>seqq.</span> <span class='ocrx_word' id='word_1_18' title='bbox 766 478 1050 518; x_wconf 80' lang='lat' dir='ltr'><strong>assumendum.</strong></span> 
     </span>
    </p>

    <p class='ocr_par' dir='ltr' id='par_1_3' title="bbox 161 538 1222 787">
     <span class='ocr_line' id='line_1_5' title="bbox 216 538 1222 595; baseline 0.006 -20"><span class='ocrx_word' id='word_1_19' title='bbox 216 538 371 577; x_wconf 86' lang='lat' dir='ltr'><strong>XXIII.</strong></span> <span class='ocrx_word' id='word_1_20' title='bbox 387 543 426 578; x_wconf 87' lang='lat'><strong>5.</strong></span> <span class='ocrx_word' id='word_1_21' title='bbox 478 541 558 581; x_wconf 88' lang='lat' dir='ltr'><strong>Pro</strong></span> <span class='ocrx_word' id='word_1_22' title='bbox 588 542 684 581; x_wconf 79' lang='lat' dir='ltr'><strong>veris</strong></span> <span class='ocrx_word' id='word_1_23' title='bbox 701 543 880 581; x_wconf 68' lang='lat' dir='ltr'><strong>adventus</strong></span> <span class='ocrx_word' id='word_1_24' title='bbox 897 542 1073 581; x_wconf 85' lang='lat' dir='ltr'>dedimus</span> <span class='ocrx_word' id='word_1_25' title='bbox 1097 541 1222 595; x_wconf 70' lang='lat' dir='ltr'><strong>vepris</strong></span> 
     </span>
     <span class='ocr_line' id='line_1_6' title="bbox 161 603 1219 660; baseline 0.005 -19"><span class='ocrx_word' id='word_1_26' title='bbox 161 603 216 642; x_wconf 85' lang='lat' dir='ltr'><strong>ad</strong></span> <span class='ocrx_word' id='word_1_27' title='bbox 226 607 374 643; x_wconf 73' lang='lat' dir='ltr'><strong>‘ventum</strong></span> <span class='ocrx_word' id='word_1_28' title='bbox 389 621 405 643; x_wconf 92' lang='lat'><strong>.·</strong></span> <span class='ocrx_word' id='word_1_29' title='bbox 433 606 582 645; x_wconf 90' lang='lat' dir='ltr'><strong>scilicet</strong></span> <span class='ocrx_word' id='word_1_30' title='bbox 600 607 720 660; x_wconf 72' lang='lat' dir='ltr'><strong>vepris</strong></span> <span class='ocrx_word' id='word_1_31' title='bbox 737 620 789 646; x_wconf 85' lang='lat' dir='ltr'><strong>ex</strong></span> <span class='ocrx_word' id='word_1_32' title='bbox 807 608 1078 646; x_wconf 84' lang='lat' dir='ltr'><strong>emendatione</strong></span> <span class='ocrx_word' id='word_1_33' title='bbox 1097 607 1219 646; x_wconf 90' lang='lat' dir='ltr'><strong>Bent-</strong></span> 
     </span>
     <span class='ocr_line' id='line_1_7' title="bbox 163 669 1220 719; baseline 0.003 -12"><span class='ocrx_word' id='word_1_34' title='bbox 163 669 256 714; x_wconf 86' lang='lat' dir='ltr'><strong>leii;</strong></span> <span class='ocrx_word' id='word_1_35' title='bbox 287 671 341 709; x_wconf 86' lang='lat' dir='ltr'><strong>ad</strong></span> <span class='ocrx_word' id='word_1_36' title='bbox 361 677 506 710; x_wconf 83' lang='lat' dir='ltr'><strong>ventum</strong></span> <span class='ocrx_word' id='word_1_37' title='bbox 530 672 763 711; x_wconf 85' lang='lat' dir='ltr'><strong>auctoritate</strong></span> <span class='ocrx_word' id='word_1_38' title='bbox 788 673 938 712; x_wconf 87' lang='lat' dir='ltr'><strong>Mureti</strong></span> <span class='ocrx_word' id='word_1_39' title='bbox 956 673 1152 719; x_wconf 86' lang='lat' dir='ltr'><strong>codicum,</strong></span> <span class='ocrx_word' id='word_1_40' title='bbox 1178 671 1220 710; x_wconf 91' lang='lat' dir='ltr'><strong>in</strong></span> 
     </span>
     <span class='ocr_line' id='line_1_8' title="bbox 166 735 306 787; baseline 0 -13"><span class='ocrx_word' id='word_1_41' title='bbox 166 735 306 787; x_wconf 90' lang='lat' dir='ltr'><strong>quibus</strong></span> 
     </span>
    </p>
   </div>
   <div class='ocr_carea' id='block_1_3' title="bbox 318 827 1048 944">
    <p class='ocr_par' dir='ltr' id='par_1_4' title="bbox 318 827 1048 944">
     <span class='ocr_line' id='line_1_9' title="bbox 318 827 1048 874; baseline 0.005 -9"><span class='ocrx_word' id='word_1_42' title='bbox 318 827 436 874; x_wconf 83' lang='lat' dir='ltr'><strong>Nam,</strong></span> <span class='ocrx_word' id='word_1_43' title='bbox 463 841 527 867; x_wconf 78' lang='lat' dir='ltr'><strong>seu</strong></span> <span class='ocrx_word' id='word_1_44' title='bbox 544 828 736 868; x_wconf 83' lang='lat' dir='ltr'><em>mobilibus</em></span> <span class='ocrx_word' id='word_1_45' title='bbox 754 829 840 868; x_wconf 81' lang='lat' dir='ltr'><strong>vitis</strong></span> <span class='ocrx_word' id='word_1_46' title='bbox 858 829 1048 869; x_wconf 77' lang='lat' dir='ltr'><em>inhorruit</em></span> 
     </span>
     <span class='ocr_line' id='line_1_10' title="bbox 424 892 782 944; baseline 0.006 -14"><span class='ocrx_word' id='word_1_47' title='bbox 424 892 490 930; x_wconf 86' lang='lat' dir='ltr'><strong>Ad</strong></span> <span class='ocrx_word' id='word_1_48' title='bbox 504 893 782 944; x_wconf 72' lang='lat' dir='ltr'><strong>ventumfhliis.</strong></span> 
     </span>
    </p>
   </div>
   <div class='ocr_carea' id='block_1_4' title="bbox 157 981 1240 1743">
    <p class='ocr_par' dir='ltr' id='par_1_5' title="bbox 157 981 1240 1680">
     <span class='ocr_line' id='line_1_11' title="bbox 164 981 1220 1038; baseline 0.004 -18"><span class='ocrx_word' id='word_1_49' title='bbox 164 981 255 1022; x_wconf 86' lang='lat' dir='ltr'><strong>Vid.</strong></span> <span class='ocrx_word' id='word_1_50' title='bbox 283 983 412 1021; x_wconf 90' lang='lat' dir='ltr'><strong>Bentl.</strong></span> <span class='ocrx_word' id='word_1_51' title='bbox 442 982 537 1022; x_wconf 81' lang='lat' dir='ltr'><strong>Not.</strong></span> <span class='ocrx_word' id='word_1_52' title='bbox 565 989 592 1008; x_wconf 93' lang='lat'><strong>“</strong></span> <span class='ocrx_word' id='word_1_53' title='bbox 610 984 785 1023; x_wconf 90' lang='lat' dir='ltr'><strong>Verbum</strong></span> <span class='ocrx_word' id='word_1_54' title='bbox 812 984 935 1038; x_wconf 70' lang='lat' dir='ltr'><strong>vepris</strong></span> <span class='ocrx_word' id='word_1_55' title='bbox 962 991 1004 1024; x_wconf 89' lang='lat' dir='ltr'><strong>et</strong></span> <span class='ocrx_word' id='word_1_56' title='bbox 1034 985 1220 1034; x_wconf 81' lang='lat' dir='ltr'><strong>ostendit,</strong></span> 
     </span>
     <span class='ocr_line' id='line_1_12' title="bbox 164 1048 1232 1095; baseline 0.002 -8"><span class='ocrx_word' id='word_1_57' title='bbox 164 1052 192 1072; x_wconf 90' lang='lat'><strong><em>“</em></strong></span> <span class='ocrx_word' id='word_1_58' title='bbox 212 1049 314 1087; x_wconf 91' lang='lat' dir='ltr'><strong>unde</strong></span> <span class='ocrx_word' id='word_1_59' title='bbox 333 1048 451 1087; x_wconf 90' lang='lat' dir='ltr'><strong>lectio</strong></span> <span class='ocrx_word' id='word_1_60' title='bbox 469 1048 580 1095; x_wconf 77' lang='lat' dir='ltr'><strong>veris,</strong></span> <span class='ocrx_word' id='word_1_61' title='bbox 606 1056 649 1087; x_wconf 89' lang='lat' dir='ltr'><strong>et</strong></span> <span class='ocrx_word' id='word_1_62' title='bbox 678 1049 782 1088; x_wconf 88' lang='lat' dir='ltr'><strong>unde</strong></span> <span class='ocrx_word' id='word_1_63' title='bbox 800 1050 887 1088; x_wconf 81' lang='lat' dir='ltr'><strong>vitis</strong></span> <span class='ocrx_word' id='word_1_64' title='bbox 906 1056 996 1088; x_wconf 84' lang='lat' dir='ltr'><strong>nata</strong></span> <span class='ocrx_word' id='word_1_65' title='bbox 1019 1049 1093 1089; x_wconf 86' lang='lat' dir='ltr'><strong>sit:</strong></span> <span class='ocrx_word' id='word_1_66' title='bbox 1119 1050 1232 1090; x_wconf 81' lang='lat' dir='ltr'><strong>haec,</strong></span> 
     </span>
     <span class='ocr_line' id='line_1_13' title="bbox 164 1113 1240 1164; baseline 0.003 -13"><span class='ocrx_word' id='word_1_67' title='bbox 164 1118 192 1138; x_wconf 89' lang='lat'><strong>“</strong></span> <span class='ocrx_word' id='word_1_68' title='bbox 210 1113 313 1152; x_wconf 84' lang='lat' dir='ltr'><strong>enim</strong></span> <span class='ocrx_word' id='word_1_69' title='bbox 333 1126 424 1160; x_wconf 88' lang='lat' dir='ltr'><strong>vox,</strong></span> <span class='ocrx_word' id='word_1_70' title='bbox 440 1113 782 1164; x_wconf 85' lang='lat' dir='ltr'><strong>interpolatoribus</strong></span> <span class='ocrx_word' id='word_1_71' title='bbox 795 1114 982 1161; x_wconf 85' lang='lat' dir='ltr'><strong>inaudita,</strong></span> <span class='ocrx_word' id='word_1_72' title='bbox 1001 1113 1221 1154; x_wconf 69' lang='lat' dir='ltr'><strong>alteriveris</strong></span> <span class='ocrx_word' id='word_1_73' title='bbox 1236 1155 1240 1160; x_wconf 70' lang='grc'><em>,</em></span> 
     </span>
     <span class='ocr_line' id='line_1_14' title="bbox 163 1177 1220 1224; baseline 0.003 -9"><span class='ocrx_word' id='word_1_74' title='bbox 163 1181 193 1202; x_wconf 82' lang='grc'><strong>“</strong></span> <span class='ocrx_word' id='word_1_75' title='bbox 210 1177 422 1216; x_wconf 90' lang='lat' dir='ltr'><strong>inducendi</strong></span> <span class='ocrx_word' id='word_1_76' title='bbox 437 1194 448 1223; x_wconf 77' lang='grc' dir='ltr'><strong>ς</strong></span> <span class='ocrx_word' id='word_1_77' title='bbox 475 1177 633 1224; x_wconf 89' lang='lat' dir='ltr'><strong>deinde,</strong></span> <span class='ocrx_word' id='word_1_78' title='bbox 647 1190 698 1215; x_wconf 89' lang='lat' dir='ltr'><strong>ne</strong></span> <span class='ocrx_word' id='word_1_79' title='bbox 711 1178 872 1216; x_wconf 85' lang='lat' dir='ltr'><strong>verbum</strong></span> <span class='ocrx_word' id='word_1_80' title='bbox 891 1178 1080 1218; x_wconf 75' lang='lat' dir='ltr'><strong>inhorruit</strong></span> <span class='ocrx_word' id='word_1_81' title='bbox 1096 1177 1220 1218; x_wconf 87' lang='lat' dir='ltr'><strong>nomi-</strong></span> 
     </span>
     <span class='ocr_line' id='line_1_15' title="bbox 163 1242 1220 1289; baseline 0.004 -10"><span class='ocrx_word' id='word_1_82' title='bbox 163 1246 192 1266; x_wconf 87' lang='lat'><strong><em>“</em></strong></span> <span class='ocrx_word' id='word_1_83' title='bbox 210 1243 341 1280; x_wconf 84' lang='lat' dir='ltr'><strong>nativo</strong></span> <span class='ocrx_word' id='word_1_84' title='bbox 361 1242 652 1289; x_wconf 83' lang='lat' dir='ltr'><strong>destitueretur,</strong></span> <span class='ocrx_word' id='word_1_85' title='bbox 670 1243 868 1281; x_wconf 75' lang='lat' dir='ltr'><strong>adventum</strong></span> <span class='ocrx_word' id='word_1_86' title='bbox 882 1242 922 1280; x_wconf 90' lang='lat' dir='ltr'><strong>in</strong></span> <span class='ocrx_word' id='word_1_87' title='bbox 938 1243 1118 1282; x_wconf 74' lang='lat' dir='ltr'><strong>adventus</strong></span> <span class='ocrx_word' id='word_1_88' title='bbox 1133 1256 1220 1282; x_wconf 89' lang='lat' dir='ltr'><strong>mu-</strong></span> 
     </span>
     <span class='ocr_line' id='line_1_16' title="bbox 160 1307 1218 1360; baseline 0.002 -15"><span class='ocrx_word' id='word_1_89' title='bbox 160 1311 190 1332; x_wconf 90' lang='lat'>“</span> <span class='ocrx_word' id='word_1_90' title='bbox 208 1307 340 1345; x_wconf 87' lang='lat' dir='ltr'><strong>tandi:</strong></span> <span class='ocrx_word' id='word_1_91' title='bbox 382 1307 494 1345; x_wconf 86' lang='lat' dir='ltr'><strong>alteri</strong></span> <span class='ocrx_word' id='word_1_92' title='bbox 525 1320 618 1345; x_wconf 86' lang='lat' dir='ltr'><strong>vero</strong></span> <span class='ocrx_word' id='word_1_93' title='bbox 646 1307 928 1359; x_wconf 83' lang='lat' dir='ltr'><strong>interpolatori,</strong></span> <span class='ocrx_word' id='word_1_94' title='bbox 956 1308 1061 1347; x_wconf 83' lang='lat' dir='ltr'><strong>haud</strong></span> <span class='ocrx_word' id='word_1_95' title='bbox 1088 1309 1218 1360; x_wconf 83' lang='lat' dir='ltr'><strong>paullo</strong></span> 
     </span>
     <span class='ocr_line' id='line_1_17' title="bbox 161 1371 1219 1424; baseline 0.003 -15"><span class='ocrx_word' id='word_1_96' title='bbox 161 1375 189 1395; x_wconf 89' lang='lat'><strong><em>“</em></strong></span> <span class='ocrx_word' id='word_1_97' title='bbox 208 1371 387 1418; x_wconf 91' lang='lat' dir='ltr'><strong>acutiori,</strong></span> <span class='ocrx_word' id='word_1_98' title='bbox 405 1372 528 1410; x_wconf 86' lang='lat' dir='ltr'><strong>visum</strong></span> <span class='ocrx_word' id='word_1_99' title='bbox 548 1378 608 1410; x_wconf 88' lang='lat' dir='ltr'><strong>est</strong></span> <span class='ocrx_word' id='word_1_100' title='bbox 626 1371 692 1409; x_wconf 88' lang='lat' dir='ltr'><strong>illa</strong></span> <span class='ocrx_word' id='word_1_101' title='bbox 723 1373 855 1419; x_wconf 86' lang='lat' dir='ltr'><strong>verba,</strong></span> <span class='ocrx_word' id='word_1_102' title='bbox 882 1371 1072 1412; x_wconf 76' lang='lat' dir='ltr'><strong>mobilibus</strong></span> <span class='ocrx_word' id='word_1_103' title='bbox 1085 1371 1219 1424; x_wconf 75' lang='lat' dir='ltr'><strong>foliis,</strong></span> 
     </span>
     <span class='ocr_line' id='line_1_18' title="bbox 160 1436 1217 1487; baseline 0.001 -13"><span class='ocrx_word' id='word_1_104' title='bbox 160 1440 188 1461; x_wconf 90' lang='lat'><strong><em>“</em></strong></span> <span class='ocrx_word' id='word_1_105' title='bbox 207 1448 435 1487; x_wconf 86' lang='lat' dir='ltr'><strong>exposcere,</strong></span> <span class='ocrx_word' id='word_1_106' title='bbox 454 1444 498 1474; x_wconf 89' lang='lat' dir='ltr'><strong>ut</strong></span> <span class='ocrx_word' id='word_1_107' title='bbox 516 1449 656 1474; x_wconf 90' lang='lat' dir='ltr'><strong>nomen</strong></span> <span class='ocrx_word' id='word_1_108' title='bbox 677 1436 825 1474; x_wconf 88' lang='lat' dir='ltr'><strong>arboris</strong></span> <span class='ocrx_word' id='word_1_109' title='bbox 842 1436 1006 1486; x_wconf 85' lang='lat' dir='ltr'><strong>alicujus</strong></span> <span class='ocrx_word' id='word_1_110' title='bbox 1023 1436 1063 1474; x_wconf 91' lang='lat' dir='ltr'><strong>in</strong></span> <span class='ocrx_word' id='word_1_111' title='bbox 1087 1437 1217 1476; x_wconf 90' lang='lat' dir='ltr'><strong>locum</strong></span> 
     </span>
     <span class='ocr_line' id='line_1_19' title="bbox 159 1500 1217 1552; baseline 0.001 -13"><span class='ocrx_word' id='word_1_112' title='bbox 159 1505 188 1524; x_wconf 90' lang='lat'><strong>“</strong></span> <span class='ocrx_word' id='word_1_113' title='bbox 206 1500 327 1552; x_wconf 78' lang='lat' dir='ltr'><strong>vepris</strong></span> <span class='ocrx_word' id='word_1_114' title='bbox 345 1501 644 1539; x_wconf 88' lang='lat' dir='ltr'><strong>substitueretur</strong></span> <span class='ocrx_word' id='word_1_115' title='bbox 659 1517 670 1546; x_wconf 89' lang='lat'>;</span> <span class='ocrx_word' id='word_1_116' title='bbox 697 1507 738 1539; x_wconf 90' lang='lat' dir='ltr'><strong>et</strong></span> <span class='ocrx_word' id='word_1_117' title='bbox 755 1500 918 1552; x_wconf 89' lang='lat' dir='ltr'><strong>proinde</strong></span> <span class='ocrx_word' id='word_1_118' title='bbox 937 1501 973 1539; x_wconf 89' lang='lat' dir='ltr'><strong>ei</strong></span> <span class='ocrx_word' id='word_1_119' title='bbox 991 1500 1140 1551; x_wconf 87' lang='lat' dir='ltr'><strong>placuit</strong></span> <span class='ocrx_word' id='word_1_120' title='bbox 1162 1501 1217 1540; x_wconf 81' lang='lat' dir='ltr'><strong>vi·</strong></span> 
     </span>
     <span class='ocr_line' id='line_1_20' title="bbox 157 1564 1216 1616; baseline 0.002 -14"><span class='ocrx_word' id='word_1_121' title='bbox 157 1570 185 1588; x_wconf 89' lang='lat'><strong>“</strong></span> <span class='ocrx_word' id='word_1_122' title='bbox 204 1565 266 1611; x_wconf 73' lang='lat' dir='ltr'><strong>tis,</strong></span> <span class='ocrx_word' id='word_1_123' title='bbox 286 1577 386 1616; x_wconf 85' lang='lat' dir='ltr'><strong>quae</strong></span> <span class='ocrx_word' id='word_1_124' title='bbox 404 1571 464 1602; x_wconf 87' lang='lat' dir='ltr'><strong>est</strong></span> <span class='ocrx_word' id='word_1_125' title='bbox 482 1565 596 1603; x_wconf 84' lang='lat' dir='ltr'><strong>arbor</strong></span> <span class='ocrx_word' id='word_1_126' title='bbox 614 1564 828 1611; x_wconf 86' lang='lat' dir='ltr'><strong>notissima,</strong></span> <span class='ocrx_word' id='word_1_127' title='bbox 847 1564 1081 1616; x_wconf 87' lang='lat' dir='ltr'><strong>reponere.”</strong></span> <span class='ocrx_word' id='word_1_128' title='bbox 1134 1565 1216 1604; x_wconf 81' lang='lat' dir='ltr'><strong>CU-</strong></span> 
     </span>
     <span class='ocr_line' id='line_1_21' title="bbox 157 1629 870 1680; baseline 0.003 -14"><span class='ocrx_word' id='word_1_129' title='bbox 157 1641 313 1667; x_wconf 74' lang='lat' dir='ltr'>NmGH.</span> <span class='ocrx_word' id='word_1_130' title='bbox 340 1629 522 1667; x_wconf 85' lang='lat' dir='ltr'><strong>Animad.</strong></span> <span class='ocrx_word' id='word_1_131' title='bbox 539 1643 606 1680; x_wconf 85' lang='lat' dir='ltr'><strong>pp.</strong></span> <span class='ocrx_word' id='word_1_132' title='bbox 626 1632 703 1668; x_wconf 80' lang='lat'><strong>302</strong></span> <span class='ocrx_word' id='word_1_133' title='bbox 721 1635 762 1668; x_wconf 86' lang='lat' dir='ltr'><strong>et</strong></span> <span class='ocrx_word' id='word_1_134' title='bbox 781 1633 870 1668; x_wconf 84' lang='lat'><strong>303.</strong></span> 
     </span>
    </p>

    <p class='ocr_par' dir='ltr' id='par_1_6' title="bbox 210 1693 1218 1743">
     <span class='ocr_line' id='line_1_22' title="bbox 210 1693 1218 1743; baseline 0.003 -12"><span class='ocrx_word' id='word_1_135' title='bbox 210 1694 359 1731; x_wconf 90' lang='lat' dir='ltr'><strong>XXIV.</strong></span> <span class='ocrx_word' id='word_1_136' title='bbox 389 1696 566 1738; x_wconf 62' lang='lat'><strong>13.-‚-15.</strong></span> <span class='ocrx_word' id='word_1_137' title='bbox 625 1693 704 1732; x_wconf 88' lang='lat' dir='ltr'><strong>Pro</strong></span> <span class='ocrx_word' id='word_1_138' title='bbox 738 1693 849 1737; x_wconf 81' lang='lat' dir='ltr'><strong>Quod</strong></span> <span class='ocrx_word' id='word_1_139' title='bbox 876 1693 1052 1733; x_wconf 81' lang='lat' dir='ltr'><strong>si-Non</strong></span> <span class='ocrx_word' id='word_1_140' title='bbox 1083 1708 1218 1743; x_wconf 76' lang='lat' dir='ltr'><strong>vanae,</strong></span> 
     </span>
    </p>
   </div>
   <div class='ocr_carea' id='block_1_5' title="bbox 93 1757 1218 1809">
    <p class='ocr_par' dir='ltr' id='par_1_7' title="bbox 93 1757 1218 1809">
     <span class='ocr_line' id='line_1_23' title="bbox 93 1757 1218 1809; baseline 0.001 -13"><span class='ocrx_word' id='word_1_141' title='bbox 93 1800 97 1803; x_wconf 14' lang='grc' dir='ltr'><strong>Α</strong></span> <span class='ocrx_word' id='word_1_142' title='bbox 158 1759 269 1796; x_wconf 91' lang='lat' dir='ltr'><strong>multi</strong></span> <span class='ocrx_word' id='word_1_143' title='bbox 289 1759 459 1809; x_wconf 84' lang='lat' dir='ltr'><strong>optimae</strong></span> <span class='ocrx_word' id='word_1_144' title='bbox 493 1764 609 1796; x_wconf 89' lang='lat' dir='ltr'><strong>notae</strong></span> <span class='ocrx_word' id='word_1_145' title='bbox 628 1757 786 1796; x_wconf 90' lang='lat' dir='ltr'><strong>codices</strong></span> <span class='ocrx_word' id='word_1_146' title='bbox 804 1758 950 1796; x_wconf 88' lang='lat' dir='ltr'><strong>habent</strong></span> <span class='ocrx_word' id='word_1_147' title='bbox 985 1758 1087 1802; x_wconf 75' lang='lat' dir='ltr'><strong><em>Quid</em></strong></span> <span class='ocrx_word' id='word_1_148' title='bbox 1097 1759 1117 1796; x_wconf 75' lang='grc'><strong>,9</strong></span> <span class='ocrx_word' id='word_1_149' title='bbox 1132 1759 1218 1797; x_wconf 79' lang='lat' dir='ltr'><strong>si—</strong></span> 
     </span>
    </p>
   </div>
   <div class='ocr_carea' id='block_1_6' title="bbox 158 1821 1217 1874">
    <p class='ocr_par' dir='ltr' id='par_1_8' title="bbox 158 1821 1217 1874">
     <span class='ocr_line' id='line_1_24' title="bbox 158 1821 1217 1874; baseline 0 -13"><span class='ocrx_word' id='word_1_150' title='bbox 158 1825 263 1862; x_wconf 86' lang='lat' dir='ltr'><strong>Num</strong></span> <span class='ocrx_word' id='word_1_151' title='bbox 282 1822 471 1861; x_wconf 66' lang='lat' dir='ltr'><strong>vanae-2</strong></span> <span class='ocrx_word' id='word_1_152' title='bbox 524 1822 737 1873; x_wconf 89' lang='lat' dir='ltr'><strong>Utriusque</strong></span> <span class='ocrx_word' id='word_1_153' title='bbox 755 1821 935 1860; x_wconf 89' lang='lat' dir='ltr'><strong>lectionis</strong></span> <span class='ocrx_word' id='word_1_154' title='bbox 951 1834 1078 1874; x_wconf 85' lang='lat' dir='ltr'><strong>aequa</strong></span> <span class='ocrx_word' id='word_1_155' title='bbox 1088 1822 1217 1874; x_wconf 73' lang='lat' dir='ltr'><strong>&#39;prope</strong></span> 
     </span>
    </p>
   </div>
   <div class='ocr_carea' id='block_1_7' title="bbox 158 1888 1217 2002">
    <p class='ocr_par' dir='ltr' id='par_1_9' title="bbox 158 1888 1217 2002">
     <span class='ocr_line' id='line_1_25' title="bbox 158 1888 380 1926; baseline -0.009 0"><span class='ocrx_word' id='word_1_156' title='bbox 158 1888 380 1926; x_wconf 83' lang='lat' dir='ltr'><strong>auctoritas.</strong></span> 
     </span>
     <span class='ocr_line' id='line_1_26' title="bbox 212 1949 1217 2002; baseline -0.001 -12"><span class='ocrx_word' id='word_1_157' title='bbox 212 1951 337 1990; x_wconf 94' lang='lat' dir='ltr'><strong>XXV.</strong></span> <span class='ocrx_word' id='word_1_158' title='bbox 366 1954 430 1990; x_wconf 79' lang='lat'><strong>20.</strong></span> <span class='ocrx_word' id='word_1_159' title='bbox 471 1950 603 1989; x_wconf 80' lang='lat' dir='ltr'><strong>Hebro</strong></span> <span class='ocrx_word' id='word_1_160' title='bbox 621 1950 811 1988; x_wconf 86' lang='lat' dir='ltr'><strong>exhibent</strong></span> <span class='ocrx_word' id='word_1_161' title='bbox 825 1949 946 1988; x_wconf 92' lang='lat' dir='ltr'>MSS.</span> <span class='ocrx_word' id='word_1_162' title='bbox 961 1962 1095 1988; x_wconf 89' lang='lat' dir='ltr'><strong>omnes</strong></span> <span class='ocrx_word' id='word_1_163' title='bbox 1105 1963 1217 2002; x_wconf 84' lang='lat' dir='ltr'><strong>prae-</strong></span> 
     </span>
    </p>
   </div>
   <div class='ocr_carea' id='block_1_8' title="bbox 155 2013 1217 2196">
    <p class='ocr_par' dir='ltr' id='par_1_10' title="bbox 155 2013 1217 2196">
     <span class='ocr_line' id='line_1_27' title="bbox 156 2013 1217 2067; baseline -0.003 -13"><span class='ocrx_word' id='word_1_164' title='bbox 156 2024 218 2055; x_wconf 86' lang='lat' dir='ltr'><strong>ter</strong></span> <span class='ocrx_word' id='word_1_165' title='bbox 236 2029 370 2062; x_wconf 90' lang='lat' dir='ltr'><strong>unum,</strong></span> <span class='ocrx_word' id='word_1_166' title='bbox 399 2016 465 2067; x_wconf 94' lang='lat' dir='ltr'><strong>qui</strong></span> <span class='ocrx_word' id='word_1_167' title='bbox 484 2016 587 2053; x_wconf 85' lang='lat' dir='ltr'><strong>Ebro</strong></span> <span class='ocrx_word' id='word_1_168' title='bbox 605 2015 736 2053; x_wconf 83' lang='lat' dir='ltr'><strong>habet.</strong></span> <span class='ocrx_word' id='word_1_169' title='bbox 787 2013 850 2052; x_wconf 90' lang='lat' dir='ltr'><strong>Ita</strong></span> <span class='ocrx_word' id='word_1_170' title='bbox 863 2013 981 2052; x_wconf 85' lang='lat' dir='ltr'><strong>etiam</strong></span> <span class='ocrx_word' id='word_1_171' title='bbox 1001 2013 1102 2052; x_wconf 89' lang='lat' dir='ltr'><strong>Edd.</strong></span> <span class='ocrx_word' id='word_1_172' title='bbox 1120 2021 1217 2055; x_wconf 87' lang='lat' dir='ltr'><strong>vett.</strong></span> 
     </span>
     <span class='ocr_line' id='line_1_28' title="bbox 155 2078 1216 2134; baseline -0.003 -15"><span class='ocrx_word' id='word_1_173' title='bbox 155 2094 278 2134; x_wconf 89' lang='lat' dir='ltr'><strong>prope</strong></span> <span class='ocrx_word' id='word_1_174' title='bbox 298 2094 442 2119; x_wconf 87' lang='lat' dir='ltr'><strong>omnes.</strong></span> <span class='ocrx_word' id='word_1_175' title='bbox 475 2079 528 2117; x_wconf 89' lang='lat' dir='ltr'><strong>Et</strong></span> <span class='ocrx_word' id='word_1_176' title='bbox 543 2079 768 2125; x_wconf 87' lang='lat' dir='ltr'><strong>Horatium,</strong></span> <span class='ocrx_word' id='word_1_177' title='bbox 788 2079 852 2130; x_wconf 91' lang='lat' dir='ltr'><strong>qui</strong></span> <span class='ocrx_word' id='word_1_178' title='bbox 868 2078 1060 2124; x_wconf 86' lang='lat' dir='ltr'><strong>Hebrum,</strong></span> <span class='ocrx_word' id='word_1_179' title='bbox 1078 2086 1216 2116; x_wconf 87' lang='lat' dir='ltr'><strong>notum</strong></span> 
     </span>
     <span class='ocr_line' id='line_1_29' title="bbox 157 2141 1217 2196; baseline -0.004 -12"><span class='ocrx_word' id='word_1_180' title='bbox 157 2145 347 2185; x_wconf 84' lang='lat' dir='ltr'><strong>Thraciae</strong></span> <span class='ocrx_word' id='word_1_181' title='bbox 365 2145 539 2191; x_wconf 90' lang='lat' dir='ltr'><strong>fluvium,</strong></span> <span class='ocrx_word' id='word_1_182' title='bbox 568 2151 751 2195; x_wconf 82' lang='lat' dir='ltr'><strong>tanquam</strong></span> <span class='ocrx_word' id='word_1_183' title='bbox 778 2142 898 2182; x_wconf 80' lang='lat' dir='ltr'><strong>nivali</strong></span> <span class='ocrx_word' id='word_1_184' title='bbox 914 2143 1084 2196; x_wconf 81' lang='lat' dir='ltr'><strong>compede</strong></span> <span class='ocrx_word' id='word_1_185' title='bbox 1114 2141 1217 2180; x_wconf 78' lang='grc' dir='ltr'><em>ὀἰησ-</em></span> 
     </span>
    </p>
   </div>
  </div>
 </body>
</html>
