1370 2574
141 257 222 301 110

454 258 767 301 CARMINUM
818 262 895 302 111.

247 365 488 408 Formandae
506 371 656 410 studiis.
686 371 824 411 Nescit
842 386 944 426 equo
962 373 1070 415 rudit

351 433 529 474 Haerere
550 435 741 487 ingenuus
758 450 871 489 puer,

244 495 470 549 Venarique
490 499 625 545 timet;
652 501 788 541 ludere
807 503 974 551 doctior,

350 562 428 601 Seu
448 563 603 604 Graeco
617 567 756 618 jubeas
774 568 929 617 trocho,

244 625 324 664 Seu
342 628 451 666 malis
469 629 590 667 vetita
607 630 757 682 legibus
776 632 862 670 alea
875 646 888 669 ι

349 692 448 730 Cum
463 695 620 744 perjura
638 696 757 746 patris
775 696 872 734 fides

243 756 475 796 Consortem
494 759 642 797 socium
661 759 782 807 fallat,
810 767 851 799 et
867 760 1075 814 hospitem,

345 821 590 874 Indignoque
608 825 815 875 pecuniam

240 885 392 924 Heredi
409 895 604 939 properet.
634 888 794 929 Scilicet
812 890 1012 944 improbae

346 953 538 991 Crescunt
557 953 736 997 divitiam
764 963 895 995 tamen

241 1016 385 1055 Curtae
405 1017 537 1056 nescio
556 1018 649 1070 quid
667 1031 821 1072 semper
839 1022 948 1062 abest
965 1024 1036 1065 rei.

514 1239 629 1278 ODE
683 1239 810 1279 XXV.

503 1369 565 1395 AD
594 1370 816 1398 BACCHUM.

338 1463 432 1504 Quo
450 1475 527 1510 me,
556 1462 727 1511 Bacche,
755 1464 857 1516 rapis
875 1464 933 1503 tui

234 1525 420 1565 Plenum?
443 1528 553 1570 Quae
568 1541 740 1575 nemora,
753 1536 821 1567 aut
833 1542 930 1582 quos
941 1541 1037 1583 agor
1046 1530 1086 1570 in
1097 1543 1184 1584 spe-

335 1591 463 1629 Velox
482 1600 615 1631 mente
634 1595 763 1633 nova?
792 1583 942 1638 Quibus
1075 1598 1183 1649 [cus,
1227 1645 1233 1653 ι

231 1656 381 1702 Amris,
410 1658 558 1709 egregii
578 1659 755 1697 Caesaris
773 1659 908 1698 audiar

335 1722 553 1761 Aeternum
571 1724 763 1762 meditans
782 1725 903 1764 decus

230 1784 360 1823 Stellis
380 1786 565 1834 inserere,
593 1795 633 1825 et
653 1789 815 1827 consilio
833 1788 974 1830 Jovis?

330 1851 470 1889 Dicam
490 1852 654 1904 insigne,
682 1866 833 1901 recens,
860 1854 990 1895 adhuc

228 1914 425 1953 Indictum
445 1930 513 1955 ore
532 1918 620 1955 alio.
649 1918 739 1956 Non
758 1932 871 1957 secus
889 1920 930 1957 in
943 1921 1049 1972 jugis

331 1980 538 2019 Exsomnis
559 1990 690 2034 stupet
710 1983 842 2031 Euias,

226 2042 404 2080 Hebrum
423 2046 676 2096 prospiciens,
704 2054 744 2084 et
762 2047 850 2085 nive
869 2048 1074 2089 candidam
1104 2072 1106 2074 ·

331 2107 524 2155 Thracen,
552 2123 597 2148 ac
616 2111 717 2161 pede
735 2111 899 2150 barbaro

225 2170 447 2211 Lustratam
467 2173 698 2226 Rhodopen.
728 2175 783 2214 Ut
801 2176 895 2215 mihi
914 2176 1026 2217 devio
