1370 2574
498 321 767 362 NOTULAE
1077 323 1155 365 207

367 411 416 438 IN
441 410 527 438 Lm.
555 412 622 438 111.
648 410 901 439 cAnumuu.

162 495 197 534 1.
212 497 277 535 23.
311 495 609 548 Umbrosamque,
625 495 795 535 omnium
814 495 927 535 codd.
944 495 1074 534 lectio.
1102 493 1155 533 E-

110 558 256 598 ditores
272 566 418 607 tamen,
437 567 521 599 tum
539 561 617 607 hic,
646 567 728 598 tum
745 560 829 598 aliis
860 550 1031 598 Horatii'
1044 559 1155 605 locis,

108 623 238 663 solent
254 635 338 666 Qun
355 632 444 677 post
471 624 695 676 negativum
713 632 862 663 mutare
880 625 920 662 in
939 637 1008 663 vn.
1064 624 1156 663 vid.

108 700 190 726 ver.
206 690 270 727 44.
288 695 330 727 et
346 688 401 728 11.
420 690 484 727 28.
522 688 602 727 Sed
618 689 718 727 bene
736 701 778 728 se
795 689 913 727 habet
929 688 1048 728 lectio
1074 688 1158 726 vul-

108 758 224 802 gata:
251 752 470 804 saepissime
488 752 592 791 enim
609 753 749 792 vocula
761 766 922 804 negans,
935 753 1055 791 semel
1072 760 1157 790 tan-

109 824 190 854 tum
207 817 341 867 posita,
372 816 478 868 plura
495 817 668 868 deinceps
685 829 796 860 zan,
816 832 879 856 seu
898 819 1072 863 membra,
1092 831 1157 856 co·
1176 819 1178 821 ’

107 875 279 933 pulativu
297 895 476 922 connexa
492 883 621 922 afficit.
674 883 735 922 Ita
754 883 937 936 Virgilius
948 899 960 922 ε

161 986 360 998 ......
387 961 468 998 Nec
484 959 579 999 solos
596 961 720 1013 tangit
739 961 896 1000 Atridas

160 1023 240 1062 Iste
255 1022 375 1071 dolor,
392 1022 564 1065 soli-muz
580 1023 665 1063 licet
678 1039 810 1077 capere
822 1039 928 1063 arma
947 1025 1133 1077 Mycenis.

822 1090 925 1127 Aen.
942 1089 1015 1127 IX.
1044 1092 1131 1128 139.

110 1137 174 1178 Ite
188 1138 272 1191 ipse
289 1138 503 1178 Horatius:

207 1203 291 1242 Nec
305 1217 430 1242 saevos
447 1204 646 1256 Lapithas,
665 1211 701 1243 et
718 1204 869 1244 nimium
886 1218 986 1244 mero

208 1266 413 1319 Hylaeum,
440 1267 679 1309 domitosque
700 1268 887 1307 Herculea
906 1283 1020 1307 manu

213 1329 376 1368 Telluris
379 1333 551 1383 juvenes.
792 1332 880 1371 Lib.
898 1333 952 1370 II.
971 1332 1048 1370 Od.
1069 1335 1131 1372 12.

158 1409 222 1446 31.
276 1408 383 1461 Agro
412 1409 514 1459 conj.
546 1408 667 1448 Gesn.
694 1410 759 1461 qui
776 1417 889 1462 putat
916 1424 935 1448 s
962 1410 1155 1449 adhaesis-

106 1484 151 1511 se
167 1485 190 1510 e
208 1485 306 1512 voce
331 1486 413 1525 seq.

155 1535 210 1574 11.
230 1539 265 1575 1.
302 1536 444 1585 Amice,
462 1537 579 1590 longe
605 1539 735 1591 plures
766 1551 818 1578 ex
848 1539 956 1578 libris
985 1540 1154 1592 scriptis,

103 1613 316 1653 omnesque
332 1601 414 1640 fere
433 1602 623 1642 editiones
639 1611 828 1642 vetustae.
869 1609 897 1627 “
918 1603 1043 1642 Amice
1052 1605 1155 1656 pati,

104 1668 135 1689 “
161 1665 278 1704 docte
296 1678 319 1703 e
338 1665 409 1704 Gr.
427 1675 545 1714 φιλας,
564 1668 643 1705 sive
667 1666 682 1718 (
689 1674 732 1705 ut
751 1667 803 1705 H.
826 1667 961 1718 Steph.
983 1667 1151 1719 rectius)

104 1731 134 1754 “
160 1730 349 1777 ιγαιτιιἿος,
366 1739 480 1785 <pegam
498 1745 578 1770 non
592 1730 715 1769 solum
729 1743 853 1782 aequo
867 1731 1010 1777 animo,
1028 1731 1098 1769 sed
1110 1732 1156 1769 li-

104 1798 134 1819 “
159 1795 321 1840 benter;
353 1803 397 1834 ut
426 1796 535 1848 quasi
564 1794 761 1832 familiaris
787 1795 824 1832 ei
850 1793 1060 1846 Pauperies
1090 1796 1156 1844 sit,

105 1863 134 1883 “
159 1859 261 1897 bene
280 1859 317 1897 ei
331 1873 419 1898 cum
439 1861 525 1912 ipsa
543 1858 791 1898 conveniat-'⁹
828 1858 951 1903 JAM,

154 1922 230 1960 111.
251 1926 313 1962 10.
352 1925 511 1963 Innixus
529 1924 606 1963 alii.
649 1922 728 1961 Sed
744 1922 867 1961 enisus
883 1929 1054 1974 praestat
1071 1929 1154 1961 tum

103 1998 233 2034 sensu,
251 1994 334 2026 tum
349 1989 595 2028 auctoritate.

156 2053 217 2089 16.
255 2050 333 2090 Pro
353 2053 511 2100 Martis,
542 2052 629 2091 cod.
648 2058 728 2090 ant.
746 2051 896 2090 Barthii
917 2053 1057 2105 patris,
1089 2053 1152 2091 cui

102 2114 215 2153 valde
232 2116 390 2163 arridet,
408 2130 483 2157 nec
501 2118 628 2155 minus
642 2117 822 2156 Bentleio
840 2124 882 2155 et
899 2116 1020 2156 Gesn.

156 2182 219 2218 34.
256 2180 416 2219 Discere
443 2182 625 2234 permulti
654 2195 704 2220 ex
736 2181 843 2219 libris
871 2182 1046 2232 scriptis:
1074 2182 1099 2219 i.
1117 2195 1153 2220 e.

104 2247 132 2268 ‘⁴
151 2256 372 2284 assuescere
391 2246 591 2298 saporibus
609 2246 820 2285 nectaris.”
874 2245 1037 2284 Poura.
