1370 2574
184 299 236 338 82

493 295 808 338 CARMINUM
860 295 936 337 111.

287 407 368 446 Vos
386 407 474 444 lene
494 407 699 446 consilium
718 416 760 446 et
778 407 894 456 datis,
920 415 963 447 et
979 407 1074 447 dato

287 470 478 510 Gaudetis
496 472 633 510 almae.
663 472 815 511 Scimus
833 480 878 511 ut
895 472 1036 524 impios
1079 522 1083 524 ῃ

340 536 500 574 Titanas
519 536 804 588 immanemque
821 544 989 576 turmam

390 600 568 639 Fulmine
587 601 787 640 sustulerit
805 602 969 650 caduco,

286 730 363 773 Qui
383 737 527 768 terram
546 731 724 778 inertem,
745 731 811 782 qui
824 743 931 770 mare
950 737 1141 782 temperat

286 794 517 841 Ventosum,
537 803 578 834 et
597 797 726 842 urbes,
746 807 944 847 regnaque
961 795 1099 843 tristia,

334 858 550 910 Divosque,
568 860 834 911 mortalesque
851 861 999 908 turbas,

386 924 558 975 Imperio
575 924 682 976 regit
696 938 798 963 unus
813 937 953 977 aequo.

280 1053 472 1105 Magnum
490 1053 556 1092 illa
573 1052 763 1093 terrorem
781 1054 967 1094 intulerat
984 1054 1091 1103 Jovi‚

282 1118 436 1165 Fidens,
450 1120 636 1169 juventus
653 1120 823 1168 horrida,
841 1120 1024 1168 brachiis,

330 1182 362 1220 F
363 1191 564 1235 ratresque
582 1185 790 1224 tendentes
809 1198 934 1237 opaco

387 1247 525 1286 Pelion
544 1248 771 1301 imposuisse
799 1249 982 1303 Olympo.

281 1376 359 1414 Sed
377 1377 471 1427 quid
490 1377 702 1429 Typhoeus
722 1385 763 1416 et
780 1379 932 1417 validus
949 1378 1106 1427 Mimas,

279 1441 364 1478 Aut
382 1441 475 1491 quid
493 1442 636 1480 minaci
655 1442 900 1494 Porphyrion
919 1450 1038 1490 statu,

328 1506 434 1547 Quid
455 1506 646 1553 Rhoetus,
665 1507 885 1558 evulsisque
903 1507 1060 1546 truncia

380 1569 603 1609 Enceladus
617 1571 810 1622 ‚iaculator
827 1571 971 1619 audant,

275 1701 424 1739 Contra
442 1695 644 1739 sonantem
663 1701 833 1741 Palladis
850 1701 990 1754 aegida

272 1763 440 1803 Possent
458 1767 645 1804 ruentes?
676 1766 784 1813 Hinc
802 1767 937 1805 avidus
954 1766 1065 1806 stetit

325 1829 548 1874 Vulcanus;
576 1830 668 1870 hinc
687 1839 865 1870 matrona
880 1831 1001 1879 Juno,
1019 1838 1075 1879 et,

376 1894 588 1947 Nunquam
606 1895 778 1935 humeris
795 1897 992 1949 positurus
1009 1909 1156 1944 arcum,

272 2021 351 2064 Qui
370 2035 458 2060 rore
476 2037 576 2074 puro
595 2025 790 2064 Castaliae
807 2024 901 2063 lavit

270 2086 409 2124 Crines
428 2088 587 2135 solutos,
608 2090 672 2140 qui
691 2089 839 2140 Lyciae
857 2096 967 2128 tenet

322 2149 496 2189 Dumeta
513 2153 758 2204 natalemque
776 2153 924 2202 silvam,

374 2213 514 2253 Bellus
533 2223 573 2255 et
590 2216 780 2257 Patareus
799 2218 960 2270 Apollo·
