<?xml version="1.0" encoding="UTF-8"?>
<!DOCTYPE html PUBLIC "-//W3C//DTD XHTML 1.0 Transitional//EN"
    "http://www.w3.org/TR/xhtml1/DTD/xhtml1-transitional.dtd">
<html xmlns="http://www.w3.org/1999/xhtml" xml:lang="en" lang="en">
 <head>
  <title>
</title>
<meta http-equiv="Content-Type" content="text/html;charset=utf-8" />
  <meta name='ocr-system' content='tesseract 3.04.00' />
  <meta name='ocr-capabilities' content='ocr_page ocr_carea ocr_par ocr_line ocrx_word'/>
</head>
<body>
  <div class='ocr_page' id='page_1' title='image "./operahunt01horauoft_0043.png"; bbox 0 0 1370 2574; ppageno 0'>
   <div class='ocr_carea' id='block_1_1' title="bbox 430 275 1151 335">
    <p class='ocr_par' dir='ltr' id='par_1_1' title="bbox 430 275 1151 335">
     <span class='ocr_line' id='line_1_1' title="bbox 430 275 1151 335; baseline -0.035 0"><span class='ocrx_word' id='word_1_1' title='bbox 430 285 741 335; x_wconf 80' lang='lat' dir='ltr'>CARMINUM</span> <span class='ocrx_word' id='word_1_2' title='bbox 792 283 826 322; x_wconf 91' lang='lat'>1.</span> <span class='ocrx_word' id='word_1_3' title='bbox 1107 275 1151 311; x_wconf 91' lang='lat'>11</span> 
     </span>
    </p>
   </div>
   <div class='ocr_carea' id='block_1_2' title="bbox 102 397 1161 1039">
    <p class='ocr_par' dir='ltr' id='par_1_2' title="bbox 102 397 1161 1039">
     <span class='ocr_line' id='line_1_2' title="bbox 102 397 979 469; baseline -0.039 -9"><span class='ocrx_word' id='word_1_4' title='bbox 102 419 297 469; x_wconf 76' lang='lat' dir='ltr'>Tempora</span> <span class='ocrx_word' id='word_1_5' title='bbox 311 407 480 464; x_wconf 86' lang='lat' dir='ltr'>populea</span> <span class='ocrx_word' id='word_1_6' title='bbox 494 404 618 442; x_wconf 84' lang='lat' dir='ltr'>fertur</span> <span class='ocrx_word' id='word_1_7' title='bbox 633 397 805 437; x_wconf 77' lang='lat' dir='ltr'>vinxisse</span> <span class='ocrx_word' id='word_1_8' title='bbox 821 400 979 435; x_wconf 84' lang='lat' dir='ltr'>corona,</span> 
     </span>
     <span class='ocr_line' id='line_1_3' title="bbox 260 461 809 516; baseline -0.04 0"><span class='ocrx_word' id='word_1_9' title='bbox 260 477 325 516; x_wconf 93' lang='lat' dir='ltr'>Sic</span> <span class='ocrx_word' id='word_1_10' title='bbox 342 474 471 513; x_wconf 75' lang='lat' dir='ltr'>tristes</span> <span class='ocrx_word' id='word_1_11' title='bbox 488 467 625 507; x_wconf 75' lang='lat' dir='ltr'>afflatus</span> <span class='ocrx_word' id='word_1_12' title='bbox 641 461 809 502; x_wconf 81' lang='lat' dir='ltr'>amicos:</span> 
     </span>
     <span class='ocr_line' id='line_1_4' title="bbox 108 519 1123 592; baseline -0.037 -4"><span class='ocrx_word' id='word_1_13' title='bbox 108 549 198 592; x_wconf 84' lang='lat' dir='ltr'>Quo</span> <span class='ocrx_word' id='word_1_14' title='bbox 215 555 287 582; x_wconf 83' lang='lat' dir='ltr'>nos</span> <span class='ocrx_word' id='word_1_15' title='bbox 305 548 471 589; x_wconf 90' lang='lat' dir='ltr'>cumque</span> <span class='ocrx_word' id='word_1_16' title='bbox 488 533 590 571; x_wconf 83' lang='lat' dir='ltr'>feret</span> <span class='ocrx_word' id='word_1_17' title='bbox 606 526 743 567; x_wconf 89' lang='lat' dir='ltr'>melior</span> <span class='ocrx_word' id='word_1_18' title='bbox 761 522 933 560; x_wconf 75' lang='lat' dir='ltr'>Fortuna</span> <span class='ocrx_word' id='word_1_19' title='bbox 946 519 1123 570; x_wconf 83' lang='lat' dir='ltr'>parente,</span> 
     </span>
     <span class='ocr_line' id='line_1_5' title="bbox 265 588 1090 648; baseline -0.036 -3"><span class='ocrx_word' id='word_1_20' title='bbox 265 605 426 648; x_wconf 78' lang='lat' dir='ltr'>Ibimus,</span> <span class='ocrx_word' id='word_1_21' title='bbox 453 612 478 638; x_wconf 92' lang='grc' dir='ltr'><strong>ο</strong></span> <span class='ocrx_word' id='word_1_22' title='bbox 495 595 591 635; x_wconf 80' lang='lat' dir='ltr'>socii</span> <span class='ocrx_word' id='word_1_23' title='bbox 609 588 870 640; x_wconf 81' lang='lat' dir='ltr'>comitesque!</span> <span class='ocrx_word' id='word_1_24' title='bbox 1086 607 1090 610; x_wconf 83' lang='lat'><strong>.</strong></span> 
     </span>
     <span class='ocr_line' id='line_1_6' title="bbox 113 645 1161 724; baseline -0.034 -9"><span class='ocrx_word' id='word_1_25' title='bbox 113 675 182 715; x_wconf 80' lang='lat' dir='ltr'>Nil</span> <span class='ocrx_word' id='word_1_26' title='bbox 187 666 485 724; x_wconf 79' lang='lat' dir='ltr'>desperandum,</span> <span class='ocrx_word' id='word_1_27' title='bbox 493 661 648 699; x_wconf 86' lang='lat' dir='ltr'>Teucro</span> <span class='ocrx_word' id='word_1_28' title='bbox 654 656 771 699; x_wconf 87' lang='lat' dir='ltr'>duce,</span> <span class='ocrx_word' id='word_1_29' title='bbox 778 659 819 690; x_wconf 87' lang='lat' dir='ltr'>et</span> <span class='ocrx_word' id='word_1_30' title='bbox 825 648 983 701; x_wconf 84' lang='lat' dir='ltr'>auspice</span> <span class='ocrx_word' id='word_1_31' title='bbox 989 645 1143 683; x_wconf 89' lang='lat' dir='ltr'>Teucro</span> <span class='ocrx_word' id='word_1_32' title='bbox 1149 655 1161 678; x_wconf 75' lang='grc' dir='ltr'><strong>ι</strong></span> 
     </span>
     <span class='ocr_line' id='line_1_7' title="bbox 268 715 901 776; baseline -0.039 -1"><span class='ocrx_word' id='word_1_33' title='bbox 268 735 410 774; x_wconf 83' lang='lat' dir='ltr'>Certus</span> <span class='ocrx_word' id='word_1_34' title='bbox 427 728 530 767; x_wconf 86' lang='lat' dir='ltr'>enim</span> <span class='ocrx_word' id='word_1_35' title='bbox 547 720 724 776; x_wconf 82' lang='lat' dir='ltr'>promisit</span> <span class='ocrx_word' id='word_1_36' title='bbox 742 715 901 768; x_wconf 85' lang='lat' dir='ltr'>Apollo,</span> 
     </span>
     <span class='ocr_line' id='line_1_8' title="bbox 121 778 1039 852; baseline -0.037 -7"><span class='ocrx_word' id='word_1_37' title='bbox 121 801 356 852; x_wconf 68' lang='lat' dir='ltr'>Ambiguum</span> <span class='ocrx_word' id='word_1_38' title='bbox 372 794 512 833; x_wconf 71' lang='lat' dir='ltr'>tellure</span> <span class='ocrx_word' id='word_1_39' title='bbox 530 800 630 828; x_wconf 87' lang='lat' dir='ltr'>nova</span> <span class='ocrx_word' id='word_1_40' title='bbox 649 781 843 824; x_wconf 80' lang='lat' dir='ltr'>Salamina</span> <span class='ocrx_word' id='word_1_41' title='bbox 858 778 1039 816; x_wconf 73' lang='lat' dir='ltr'>futuram-</span> 
     </span>
     <span class='ocr_line' id='line_1_9' title="bbox 273 846 815 908; baseline -0.037 -6"><span class='ocrx_word' id='word_1_42' title='bbox 273 863 311 902; x_wconf 91' lang='grc' dir='ltr'><strong>Ο</strong></span> <span class='ocrx_word' id='word_1_43' title='bbox 327 860 462 905; x_wconf 78' lang='lat' dir='ltr'>fortes,</span> <span class='ocrx_word' id='word_1_44' title='bbox 488 857 699 908; x_wconf 86' lang='lat' dir='ltr'>pejoraque</span> <span class='ocrx_word' id='word_1_45' title='bbox 712 846 815 900; x_wconf 73' lang='lat' dir='ltr'>passi</span> 
     </span>
     <span class='ocr_line' id='line_1_10' title="bbox 124 908 1081 977; baseline -0.034 -5"><span class='ocrx_word' id='word_1_46' title='bbox 124 931 285 970; x_wconf 86' lang='lat' dir='ltr'>Mecum</span> <span class='ocrx_word' id='word_1_47' title='bbox 301 937 431 977; x_wconf 81' lang='lat' dir='ltr'>saepe,</span> <span class='ocrx_word' id='word_1_48' title='bbox 447 921 541 959; x_wconf 85' lang='lat' dir='ltr'>viri!</span> <span class='ocrx_word' id='word_1_49' title='bbox 569 928 673 955; x_wconf 93' lang='lat' dir='ltr'>nunc</span> <span class='ocrx_word' id='word_1_50' title='bbox 690 913 781 951; x_wconf 84' lang='lat' dir='ltr'>vino</span> <span class='ocrx_word' id='word_1_51' title='bbox 798 908 931 962; x_wconf 89' lang='lat' dir='ltr'>pellite</span> <span class='ocrx_word' id='word_1_52' title='bbox 949 913 1081 943; x_wconf 83' lang='lat' dir='ltr'>curas:</span> 
     </span>
     <span class='ocr_line' id='line_1_11' title="bbox 280 979 945 1039; baseline -0.035 -8"><span class='ocrx_word' id='word_1_53' title='bbox 280 992 377 1031; x_wconf 82' lang='lat' dir='ltr'>Cras</span> <span class='ocrx_word' id='word_1_54' title='bbox 392 988 531 1039; x_wconf 84' lang='lat' dir='ltr'>ingens</span> <span class='ocrx_word' id='word_1_55' title='bbox 547 979 772 1021; x_wconf 81' lang='lat' dir='ltr'>iterabimus</span> <span class='ocrx_word' id='word_1_56' title='bbox 789 983 945 1026; x_wconf 87' lang='lat' dir='ltr'>aequor.</span> 
     </span>
    </p>
   </div>
   <div class='ocr_carea' id='block_1_3' title="bbox 523 1191 805 1236">
    <p class='ocr_par' dir='ltr' id='par_1_3' title="bbox 523 1191 805 1236">
     <span class='ocr_line' id='line_1_12' title="bbox 523 1191 805 1236; baseline -0.035 1"><span class='ocrx_word' id='word_1_57' title='bbox 523 1194 639 1236; x_wconf 91' lang='lat' dir='ltr'>ODE</span> <span class='ocrx_word' id='word_1_58' title='bbox 690 1191 805 1230; x_wconf 88' lang='lat' dir='ltr'>vm.</span> 
     </span>
    </p>
   </div>
   <div class='ocr_carea' id='block_1_4' title="bbox 524 1319 805 1352">
    <p class='ocr_par' dir='ltr' id='par_1_4' title="bbox 524 1319 805 1352">
     <span class='ocr_line' id='line_1_13' title="bbox 524 1319 805 1352; baseline -0.028 0"><span class='ocrx_word' id='word_1_59' title='bbox 524 1326 586 1352; x_wconf 78' lang='lat' dir='ltr'>AD</span> <span class='ocrx_word' id='word_1_60' title='bbox 620 1319 805 1349; x_wconf 77' lang='lat' dir='ltr'>LYDIAM.</span> 
     </span>
    </p>
   </div>
   <div class='ocr_carea' id='block_1_5' title="bbox 147 1420 1183 2190">
    <p class='ocr_par' dir='ltr' id='par_1_5' title="bbox 147 1420 1183 2190">
     <span class='ocr_line' id='line_1_14' title="bbox 346 1420 862 1469; baseline -0.033 -4"><span class='ocrx_word' id='word_1_61' title='bbox 346 1425 507 1469; x_wconf 72' lang='lat' dir='ltr'>LYmA,</span> <span class='ocrx_word' id='word_1_62' title='bbox 533 1420 612 1465; x_wconf 85' lang='lat' dir='ltr'>dic,</span> <span class='ocrx_word' id='word_1_63' title='bbox 638 1428 709 1468; x_wconf 89' lang='lat' dir='ltr'>per</span> <span class='ocrx_word' id='word_1_64' title='bbox 726 1422 862 1452; x_wconf 73' lang='lat' dir='ltr'>omnes</span> 
     </span>
     <span class='ocr_line' id='line_1_15' title="bbox 147 1469 1079 1538; baseline -0.031 -3"><span class='ocrx_word' id='word_1_65' title='bbox 147 1496 207 1535; x_wconf 88' lang='lat' dir='ltr'>Te</span> <span class='ocrx_word' id='word_1_66' title='bbox 223 1493 317 1532; x_wconf 79' lang='lat' dir='ltr'>deos</span> <span class='ocrx_word' id='word_1_67' title='bbox 333 1502 416 1536; x_wconf 90' lang='lat' dir='ltr'>oro,</span> <span class='ocrx_word' id='word_1_68' title='bbox 444 1484 609 1538; x_wconf 76' lang='lat' dir='ltr'>Sybarin</span> <span class='ocrx_word' id='word_1_69' title='bbox 626 1493 696 1519; x_wconf 87' lang='lat' dir='ltr'>cur</span> <span class='ocrx_word' id='word_1_70' title='bbox 711 1486 898 1530; x_wconf 79' lang='lat' dir='ltr'>properes</span> <span class='ocrx_word' id='word_1_71' title='bbox 914 1469 1079 1510; x_wconf 79' lang='lat' dir='ltr'>amando</span> 
     </span>
     <span class='ocr_line' id='line_1_16' title="bbox 354 1543 836 1603; baseline -0.031 -11"><span class='ocrx_word' id='word_1_72' title='bbox 354 1553 547 1603; x_wconf 80' lang='lat' dir='ltr'>Perdere3</span> <span class='ocrx_word' id='word_1_73' title='bbox 573 1559 644 1585; x_wconf 89' lang='lat' dir='ltr'>cur</span> <span class='ocrx_word' id='word_1_74' title='bbox 661 1543 836 1596; x_wconf 83' lang='lat' dir='ltr'>apricum</span> 
     </span>
     <span class='ocr_line' id='line_1_17' title="bbox 151 1597 1112 1669; baseline -0.034 -4"><span class='ocrx_word' id='word_1_75' title='bbox 151 1623 291 1665; x_wconf 82' lang='lat' dir='ltr'>Oderit</span> <span class='ocrx_word' id='word_1_76' title='bbox 307 1629 502 1669; x_wconf 86' lang='lat' dir='ltr'>campum,</span> <span class='ocrx_word' id='word_1_77' title='bbox 518 1611 670 1664; x_wconf 84' lang='lat' dir='ltr'>patiens</span> <span class='ocrx_word' id='word_1_78' title='bbox 686 1603 855 1658; x_wconf 81' lang='lat' dir='ltr'>pulveris</span> <span class='ocrx_word' id='word_1_79' title='bbox 872 1607 990 1651; x_wconf 86' lang='lat' dir='ltr'>atque</span> <span class='ocrx_word' id='word_1_80' title='bbox 1007 1597 1112 1635; x_wconf 85' lang='lat' dir='ltr'>solis.</span> 
     </span>
     <span class='ocr_line' id='line_1_18' title="bbox 360 1669 777 1729; baseline -0.038 -8"><span class='ocrx_word' id='word_1_81' title='bbox 360 1683 440 1721; x_wconf 90' lang='lat' dir='ltr'>Cur</span> <span class='ocrx_word' id='word_1_82' title='bbox 458 1688 586 1729; x_wconf 89' lang='lat' dir='ltr'>neque</span> <span class='ocrx_word' id='word_1_83' title='bbox 602 1669 777 1712; x_wconf 77' lang='lat' dir='ltr'>militaris</span> 
     </span>
     <span class='ocr_line' id='line_1_19' title="bbox 156 1725 1062 1801; baseline -0.035 -7"><span class='ocrx_word' id='word_1_84' title='bbox 156 1754 265 1793; x_wconf 84' lang='lat' dir='ltr'>Inter</span> <span class='ocrx_word' id='word_1_85' title='bbox 282 1746 462 1801; x_wconf 73' lang='lat' dir='ltr'>aequales</span> <span class='ocrx_word' id='word_1_86' title='bbox 479 1741 642 1794; x_wconf 81' lang='lat' dir='ltr'>equitat,</span> <span class='ocrx_word' id='word_1_87' title='bbox 660 1734 813 1774; x_wconf 82' lang='lat' dir='ltr'>Gallica</span> <span class='ocrx_word' id='word_1_88' title='bbox 828 1742 904 1769; x_wconf 87' lang='lat' dir='ltr'>nec</span> <span class='ocrx_word' id='word_1_89' title='bbox 920 1725 1062 1778; x_wconf 80' lang='lat' dir='ltr'>lupatis</span> 
     </span>
     <span class='ocr_line' id='line_1_20' title="bbox 195 1797 819 1859; baseline -0.035 -4"><span class='ocrx_word' id='word_1_90' title='bbox 195 1841 202 1846; x_wconf 92' lang='lat'>-</span> <span class='ocrx_word' id='word_1_91' title='bbox 365 1811 575 1859; x_wconf 82' lang='lat' dir='ltr'>Temperat</span> <span class='ocrx_word' id='word_1_92' title='bbox 591 1815 660 1842; x_wconf 83' lang='lat' dir='ltr'>ora</span> <span class='ocrx_word' id='word_1_93' title='bbox 674 1797 819 1838; x_wconf 80' lang='lat' dir='ltr'>frenis?</span> 
     </span>
     <span class='ocr_line' id='line_1_21' title="bbox 163 1855 1183 1924; baseline -0.034 0"><span class='ocrx_word' id='word_1_94' title='bbox 163 1886 245 1924; x_wconf 91' lang='lat' dir='ltr'>Cur</span> <span class='ocrx_word' id='word_1_95' title='bbox 260 1881 372 1920; x_wconf 88' lang='lat' dir='ltr'>timet</span> <span class='ocrx_word' id='word_1_96' title='bbox 388 1876 531 1913; x_wconf 83' lang='lat' dir='ltr'>flavum</span> <span class='ocrx_word' id='word_1_97' title='bbox 548 1867 721 1907; x_wconf 88' lang='lat' dir='ltr'>Tiberim</span> <span class='ocrx_word' id='word_1_98' title='bbox 737 1859 924 1912; x_wconf 79' lang='lat' dir='ltr'>tangere?</span> <span class='ocrx_word' id='word_1_99' title='bbox 954 1869 1024 1895; x_wconf 89' lang='lat' dir='ltr'>cur</span> <span class='ocrx_word' id='word_1_100' title='bbox 1041 1855 1183 1894; x_wconf 83' lang='lat' dir='ltr'>olivum</span> 
     </span>
     <span class='ocr_line' id='line_1_22' title="bbox 372 1930 758 1990; baseline -0.039 -10"><span class='ocrx_word' id='word_1_101' title='bbox 372 1936 568 1990; x_wconf 81' lang='lat' dir='ltr'>Sanguine</span> <span class='ocrx_word' id='word_1_102' title='bbox 583 1930 758 1983; x_wconf 87' lang='lat' dir='ltr'>viperino</span> 
     </span>
     <span class='ocr_line' id='line_1_23' title="bbox 170 1984 1102 2051; baseline -0.032 -1"><span class='ocrx_word' id='word_1_103' title='bbox 170 2009 331 2051; x_wconf 84' lang='lat' dir='ltr'>Cautius</span> <span class='ocrx_word' id='word_1_104' title='bbox 346 2005 456 2049; x_wconf 84' lang='lat' dir='ltr'>vitat,</span> <span class='ocrx_word' id='word_1_105' title='bbox 473 2011 601 2050; x_wconf 89' lang='lat' dir='ltr'>neque</span> <span class='ocrx_word' id='word_1_106' title='bbox 614 1998 694 2047; x_wconf 86' lang='lat' dir='ltr'>jam</span> <span class='ocrx_word' id='word_1_107' title='bbox 710 1990 829 2030; x_wconf 83' lang='lat' dir='ltr'>livida</span> <span class='ocrx_word' id='word_1_108' title='bbox 844 1993 971 2040; x_wconf 67' lang='lat' dir='ltr'>gesmt</span> <span class='ocrx_word' id='word_1_109' title='bbox 987 1984 1102 2023; x_wconf 80' lang='lat' dir='ltr'>armis</span> 
     </span>
     <span class='ocr_line' id='line_1_24' title="bbox 376 2056 834 2111; baseline -0.035 -4"><span class='ocrx_word' id='word_1_110' title='bbox 376 2065 555 2110; x_wconf 85' lang='lat' dir='ltr'>Brachia,</span> <span class='ocrx_word' id='word_1_111' title='bbox 580 2071 696 2111; x_wconf 84' lang='lat' dir='ltr'>saepe</span> <span class='ocrx_word' id='word_1_112' title='bbox 713 2056 834 2100; x_wconf 81' lang='lat' dir='ltr'>disco,</span> 
     </span>
     <span class='ocr_line' id='line_1_25' title="bbox 179 2111 1086 2190; baseline -0.032 -11"><span class='ocrx_word' id='word_1_113' title='bbox 179 2138 303 2190; x_wconf 83' lang='lat' dir='ltr'>Saepe</span> <span class='ocrx_word' id='word_1_114' title='bbox 318 2141 425 2173; x_wconf 81' lang='lat' dir='ltr'>trans</span> <span class='ocrx_word' id='word_1_115' title='bbox 441 2131 557 2173; x_wconf 83' lang='lat' dir='ltr'>finem</span> <span class='ocrx_word' id='word_1_116' title='bbox 570 2124 702 2180; x_wconf 79' lang='lat' dir='ltr'>jaculo</span> <span class='ocrx_word' id='word_1_117' title='bbox 718 2119 857 2162; x_wconf 75' lang='lat' dir='ltr'>nobilis</span> <span class='ocrx_word' id='word_1_118' title='bbox 873 2111 1086 2169; x_wconf 78' lang='lat' dir='ltr'>expedito?</span> 
     </span>
    </p>
   </div>
  </div>
 </body>
</html>
