1430 2644
394 362 396 364 Ι
439 305 679 347 HORATII
730 305 877 344 VITA.
1132 303 1202 344 xiil

148 426 226 465 lm
244 424 304 464 sui
320 423 556 463 mentionem
575 421 745 461 habitam
763 421 818 460 ita
842 420 894 459 sit
910 426 1068 472 questus
1080 433 1092 457 ε
1111 424 1139 444 “
1157 419 1196 458 Ι-

150 495 180 515 “
193 489 293 528 rusci
309 502 371 528 me
388 487 474 534 tibi,
487 486 601 534 scito,
616 486 721 538 quod
733 498 811 524 non
829 485 869 522 in
886 484 1078 536 plerisque
1091 485 1195 534 ejus-

151 557 181 578 “
192 553 299 592 modi
315 551 467 604 scriptis
484 563 636 590 mecum
654 550 896 602 potissimum
912 548 1091 600 loquaris.
1127 549 1198 586 An

150 623 180 644 “
192 619 348 664 vereris,
372 629 424 656 ne
439 616 543 668 apud
559 622 735 667 posteros
752 614 823 653 tibi
841 613 982 652 infame
1000 613 1063 659 sit,
1090 612 1196 664 quod

147 687 179 708 ‘⁴
190 682 354 722 videaris
363 680 558 720 familiaris
570 680 682 720 nobis
695 679 834 719 esse?''
849 677 1115 730 expressitque
1129 688 1194 716 ec-

148 747 291 800 logam,
308 748 418 798 cujus
441 746 591 784 initium
608 752 681 792 est,

203 838 324 882 Quum
340 843 395 877 tot
410 837 605 883 sustineas,
622 841 658 875 et
675 841 781 874 tanta
800 834 963 888 negotia,
979 832 1093 880 solus,

197 902 275 941 Res
293 901 413 941 Italas
429 901 544 939 armis
560 899 706 946 tuteris,
738 899 899 939 moribus
917 911 1039 944 ornes,

197 965 361 1018 Legibus
376 965 569 1010 eruendam
597 964 638 1002 in
649 963 799 1016 publica
817 963 1002 1001 commoda
1012 972 1175 1014 peccent,

117 1053 121 1056 -
200 1029 246 1068 Si
258 1029 369 1082 longo
384 1042 548 1068 sermone
564 1041 686 1067 morer
702 1033 769 1066 tua
786 1033 964 1078 tempora,
986 1025 1140 1063 caesar.

215 1118 366 1157 Habitu
393 1119 567 1170 corporis
593 1118 721 1156 brevis
750 1116 838 1162 fuit,
878 1122 995 1166 atque
1034 1113 1198 1151 obesus:

150 1182 274 1236 qualis
300 1195 326 1220 a
352 1195 394 1221 se
422 1183 505 1234 ipso
538 1183 636 1220 etin
662 1180 796 1219 Satiris
819 1178 1064 1224 describitur,
1090 1184 1132 1215 et
1148 1177 1199 1215 ab

154 1250 333 1299 Augusto
350 1247 426 1286 hac
449 1246 631 1298 epistola:
674 1249 702 1268 “
720 1243 887 1282 Pertulit
900 1243 950 1280 ad
966 1254 1030 1280 me
1048 1241 1200 1292 Diony-

151 1316 182 1337 “
194 1312 273 1351 sius
288 1311 461 1350 libellum
479 1319 604 1355 tuum,
623 1322 738 1360 quem
753 1321 841 1358 eg0,
856 1319 905 1344 ne
918 1317 1098 1344 accusem
1116 1306 1199 1352 αξξ

152 1381 182 1401 “
194 1375 555 1428 quantuluscunque
573 1381 647 1420 est,
660 1373 753 1411 boni
767 1371 940 1410 consulo.
978 1369 1114 1407 Vereri
1130 1381 1200 1406 au-

153 1445 182 1466 “
195 1447 275 1479 tem
287 1439 381 1478 mihi
387 1438 544 1484 videris,
550 1451 600 1476 ne
611 1439 777 1487 maj0rae
787 1434 906 1473 libelli
917 1433 974 1471 tui
984 1433 1076 1478 sint,
1083 1443 1201 1483 quam

151 1507 181 1528 ‘⁸
192 1504 275 1556 ipse
291 1516 347 1542 es.
375 1502 454 1540 Sed
470 1501 502 1539 si
519 1501 590 1539 tibi
609 1507 757 1538 statura
774 1499 899 1543 deest,
926 1496 1202 1548 corpusculum

153 1573 181 1593 “
194 1581 273 1606 non
289 1567 412 1605 deest.
447 1566 583 1616 Itaque
594 1564 730 1602 licebit
744 1555 785 1601 in
802 1561 1012 1601 sextariolo
1030 1559 1199 1605 scribas3

153 1638 182 1658 “
194 1645 312 1684 quum
324 1631 508 1670 circuitus
514 1628 716 1667 voluminis
727 1628 783 1666 tui
794 1627 845 1664 sit
854 1625 1202 1674 WRsearog,sicut

153 1701 182 1721 ‘⁸
194 1704 255 1735 est
269 1694 474 1735 ventriculi
491 1694 589 1732 tui.'’
635 1692 744 1730 Vixit
761 1692 967 1743 plurimum
986 1685 1026 1728 in
1044 1702 1202 1728 secessu

154 1759 251 1798 ruris
267 1758 327 1797 sui
347 1758 493 1804 Sabini,
525 1765 592 1796 aut
625 1756 818 1795 Tiburtini
834 1772 845 1801 ;
870 1757 1084 1805 domusque
1116 1756 1201 1804 ejus

154 1823 371 1862 ostenditur
388 1822 493 1860 circa
511 1821 674 1859 Tiburni
702 1821 885 1859 luculum.
937 1819 1141 1857 Venerunt
1157 1817 1201 1855 in

154 1901 289 1926 manus
305 1899 410 1926 meas
427 1894 468 1925 et
486 1885 600 1936 Elegi
618 1885 689 1922 sub
708 1886 791 1934 ejus
809 1884 938 1939 titulo,
965 1890 1005 1921 et
1024 1881 1198 1934 Epistola

153 1965 268 2003 prosa
284 1951 472 1997 oratione,
499 1949 606 2001 quasi
635 1947 939 1987 commendantis
962 1959 1006 1985 se
1036 1946 1196 1985 Maece-

197 2080 1137 2124 ’Regiusoedexvidetnrcumhcunahabuisoencaoeu„
1141 2098 1196 2113 ...-

152 2142 299 2176 ...ate-,⁴
321 2138 782 2171 undeelicitsnineaoeue-
801 2136 984 2169 len-evitate·-
