1370 2574
195 282 275 323 156

560 280 790 320 EPODON
841 291 880 319 v.

403 391 659 443 Plumamque
677 398 893 430 nocturnae
910 388 1054 441 strigis,

298 457 544 509 Herbasque,
572 469 668 508 quas
685 456 828 503 Iolcos,
855 462 973 508 atque
990 452 1120 494 Iberia

399 522 541 570 Mittit,
569 534 808 561 venenorum
825 520 952 568 ferax,

297 587 350 626 Et
369 601 456 626 ossa
473 588 521 626 ab
540 599 608 626 ore
626 593 738 637 rapta
750 587 910 637 Jejunae
928 584 1049 633 emh,

400 652 580 691 Flammis
599 651 709 690 aduri
728 649 936 690 Colchicis.

297 719 354 756 At
372 717 557 769 expedita
577 717 742 768 Sagana,
770 728 840 766 per
858 721 980 754 totam
999 713 1155 753 domum

401 782 595 835 Spargens
615 779 830 818 Avernales
849 791 983 831 aquas,

295 848 445 887 Horret
464 845 624 897 capillis,
644 851 687 883 ut
705 843 889 890 marinus,
907 842 1067 896 asperis,

398 910 585 958 Echinus,
613 917 681 948 aut
700 921 860 947 currens
878 920 984 959 aper.

295 977 451 1014 Abacta
468 975 587 1022 nulla,
606 974 718 1021 Veia,
738 966 992 1019 conscientia,

398 1040 613 1091 Ligonibus
632 1039 738 1077 duris
755 1038 917 1076 humum

295 1104 577 1152 Exhauriebat,
604 1105 804 1156 ingemens
822 1101 1043 1147 laboribus;

397 1170 486 1212 Quo
504 1177 636 1221 posset
654 1169 821 1208 infossus
838 1179 936 1219 puer

292 1234 434 1286 Longo
452 1234 516 1272 die
534 1234 593 1273 bis
612 1237 750 1285 ter'que
769 1238 942 1271 mutatae
960 1230 1070 1284 dapis

396 1298 566 1337 Inemori
583 1298 823 1350 spectaculo,

293 1365 392 1403 Cum
412 1364 650 1415 promineret
666 1375 748 1410 ore,
775 1368 965 1414 quantum
986 1366 1124 1400 extant
1141 1371 1242 1412 aqua

399 1429 596 1479 Suspensa
613 1434 747 1465 mento
767 1438 953 1477 corporat

293 1493 471 1531 Exsucta
488 1492 545 1530 uti
563 1491 747 1537 medulla,
776 1497 817 1528 et
834 1489 986 1528 aridum
1000 1491 1117 1542 jecur

397 1556 554 1595 Amoris
572 1562 675 1594 esset
693 1555 894 1607 poculum,

289 1622 546 1661 Interminato
564 1635 652 1660 cum
671 1620 791 1659 semel
809 1621 911 1660 fixae
931 1619 1022 1661 cibo

397 1686 660 1725 Intab'uissent
677 1686 858 1737 pupulae.

292 1752 383 1791 Non
402 1751 571 1790 defuisse
590 1750 785 1788 masculae
803 1749 973 1789 libidinis

394 1815 682 1854 Ariminensem
701 1813 862 1862 Foliam,

290 1880 343 1919 Et
361 1880 484 1919 otiosa
502 1879 668 1918 credidit
685 1878 884 1933 Neapolis,

396 1944 447 1982 Et
462 1957 577 1983 omne
596 1944 766 1982 vicinum
785 1943 994 1996 oppidum3

291 2010 401 2051 Quae
420 2009 560 2056 sidera,
579 2015 788 2047 excantata
804 2021 900 2047 voce
920 2007 1118 2056 Thessala,

392 2072 636 2123 Lunamque,
655 2073 766 2111 coelo
783 2072 937 2124 deripit.

291 2138 371 2177 Hic
389 2138 616 2176 irresectum
634 2149 749 2175 saeva
766 2137 884 2175 dente
903 2137 1020 2177 livido

396 2201 559 2241 Canidia
577 2201 717 2241 rodens
735 2201 930 2253 pollicem,
