1370 2574
493 280 762 322 NOTULAE
1071 282 1149 320 205

371 373 419 400 ιη
446 373 533 404 ιη.
558 373 607 399 n.
631 370 884 398 caminum.

104 456 182 512 qno
195 465 240 497 tu
255 458 519 510 superbiebas.
563 456 763 509 Superbum
782 454 939 507 quidam
957 453 1035 492 alii.
1079 455 1150 493 Su·

95 522 214 576 perho
243 530 374 561 tamen
404 521 563 559 danunt
591 520 665 559 cel.
693 518 798 559 Jani.
835 522 864 543 “
879 518 993 565 Jure,
1010 518 1152 570 inquit,

102 592 131 612 ‘⁴
150 586 380 626 offendimur
407 585 559 624 duobus
577 583 761 636 epithetis
790 582 882 621 vino
900 583 1021 626 datin
1047 582 1155 635 quod

102 655 131 675 “
149 663 229 688 non
245 650 323 688 fert
339 649 467 702 poesis
485 649 639 695 Latina,
669 648 852 700 quodque
875 647 1011 685 vitium
1029 659 1055 686 a
1068 654 1155 685 tan·

102 719 132 740 “
149 721 192 753 to
203 713 397 766 poe’tavix
410 713 618 752 admissum
630 711 888 765 putandum.”
927 709 1096 762 Duplice
1113 722 1157 748 e·

102 778 278 830 pitheto„
288 777 420 824 etiam,
447 778 588 816 mirum
606 778 645 815 in
672 777 830 815 modum
849 774 1055 814 offenditur
1073 774 1158 826 ipse

103 841 318 880 Bentleius.
372 841 462 880 Vid.
486 841 580 881 Not.
599 843 649 880 ad
680 841 769 879 Lib.
787 840 822 877 Ι.
838 839 916 877 Od.
934 838 988 876 iii.
1006 845 1047 876 et
1064 837 1157 876 alibi

101 905 257 957 μυοίη.
284 905 349 944 De
362 905 439 945 hac
456 919 499 944 re
515 906 638 944 fusius
649 917 767 957 agere
784 917 862 942 non
880 903 972 941 sinit
989 901 1156 940 instituti

101 969 226 1008 nostri
244 970 356 1008 ratio.
411 969 471 1008 Sit
487 970 581 1008 satis
606 982 779 1015 monere,
804 967 1012 1007 Horatium
1029 967 1156 1019 ipsum

102 1046 184 1073 non
199 1034 319 1072 fuisse
337 1034 437 1072 adeo
454 1034 696 1072 fastidiosum
707 1047 719 1070 ε

154 1112 314 1151 condito
331 1123 453 1150 Ml'ns
473 1123 755 1163 nummosque
770 1108 845 1148 telo

156 1174 347 1228 Supplices
363 1175 455 1213 audi
463 1188 615 1228 pueros,
634 1173 780 1227 Apollo.
901 1175 1031 1214 Carm.
1044 1173 1156 1214 Saec-

100 1277 228 1317 neque
245 1277 338 1304 sane
355 1265 576 1316 Virgilium,
595 1265 661 1316 qui
680 1265 730 1303 de
749 1265 980 1316 Polyphemi
998 1265 1114 1304 domo
1125 1279 1137 1303 ε

153 1370 279 1382 .........
298 1343 445 1381 Domus
460 1342 566 1380 sanie
582 1342 809 1395 dapibusque
823 1343 986 1381 ementis

150 1407 275 1454 Inna-5,
302 1419 461 1454 oPAcA,
480 1419 652 1445 monus.
851 1409 956 1446 Aen.
972 1408 1049 1447 111.
1066 1411 1157 1449 619.

99 1474 146 1524 ¹et
162 1484 213 1523 d'e
230 1485 317 1536 ipso
334 1484 600 1536 Polyphemo:

153 1561 367 1600 Momm
386 1571 675 1607 nonnzunuu,
695 1572 904 1608 mmmm,
924 1574 1094 1602 mouns.

945 1627 1047 1666 Ibid.
1065 1631 1157 1667 658.

167 1687 278 1725 XVI.
320 1690 354 1726 1.
433 1688 516 1726 Cel.
546 1688 744 1727 Gesnerus
774 1690 1159 1743 probat—impotenti

105 1751 266 1790 Pressas
286 1752 434 1804 Aegaeo
445 1768 463 1796 ,·
482 1759 537 1798 et,
554 1766 627 1804 pro
643 1754 808 1800 Lunam,
821 1754 958 1800 lumen,
979 1762 1022 1792 ut
1040 1756 1157 1794 etiam

106 1815 166 1854 sol
183 1815 547 1866 comprehendatur.

173 1881 235 1918 19.
298 1880 493 1918 Mutamus
511 1882 657 1933 patria,
688 1883 790 1933 conj.
814 1882 886 1920 viri
915 1883 1024 1921 docti
1052 1885 1158 1936 apud

103 1942 231 1981 Bentl.
251 1957 351 1995 quae
370 1945 463 1982 mihi
482 1945 593 1984 valde
611 1947 770 1984 arridet.
808 1947 949 1998 Neque
979 1948 1036 1986 sic
1054 1949 1157 2000 perit

100 2007 227 2058 gratia
239 2008 445 2046 antitheti
434 2022 474 2046 111
491 2022 599 2061 seqq.
613 2010 716 2048 Exul
730 2011 849 2057 enim,
864 2012 1016 2050 etiamsi
1032 2013 1157 2053 haaei·

100 2077 184 2108 tare
202 2071 356 2110 videtur
373 2072 494 2111 Gesn.
511 2074 552 2111 in
571 2087 682 2120 voce,
714 2082 774 2112 est
791 2075 896 2114 haud
914 2076 1031 2114 dubie
1049 2078 1099 2114 ab
1116 2092 1156 2116 ec

102 2134 166 2172 vel
182 2148 227 2172 ex
244 2143 285 2173 et
301 2135 429 2183 solum,
443 2137 519 2176 hoc
532 2138 844 2186 modo—esselis,
858 2140 987 2186 ends,
1001 2141 1081 2178 sive
1094 2155 1156 2180 es-

100 2197 190 2246 suls,
207 2199 320 2238 mul.
372 2201 505 2250 Exsul,
523 2202 670 2256 itaque,
689 2204 806 2243 etiam
823 2218 895 2256 per
919 2218 975 2251 se,
1005 2212 1065 2243 est
1092 2206 1159 2258 qui

1188 2118 1224 2158 6
