1370 2574
159 284 236 322 142

467 281 778 322 CARMINUM
830 283 900 322 IV.
920 287 922 290 '

261 392 384 430 Nardi
401 405 540 443 parvus
559 405 665 443 onyx
684 391 813 430 eliciet
832 392 985 440 cadum,

259 457 336 499 Qui
355 470 458 494 nunc
479 456 657 508 Sulpiciis
676 457 841 494 accubat
858 457 1019 504 horreis,

259 520 357 573 Spes
376 521 519 559 donare
538 534 654 559 novas
678 522 820 572 largus,
848 533 1054 573 amaraque

362 585 553 623 Curarum
571 587 702 624 eluere
720 586 869 624 efficax.

257 715 324 752 Ad
342 728 440 766 quae
459 716 490 754 si
508 729 690 767 properas
708 715 862 767 gaudia,
890 728 979 753 cum
998 723 1066 754 tua

256 778 383 817 Velox
401 793 531 818 merce
550 780 660 818 veni:
687 793 765 817 non
784 793 858 830 ego
872 785 911 817 te
930 780 1025 817 meis

255 842 471 881 Immunem
490 843 655 881 meditor
674 845 852 894 tinguere
871 843 1035 895 poculis,

357 908 477 946 Plena
495 908 602 947 dives
622 915 664 946 ut
683 909 723 946 in
742 908 869 947 domo.

253 1038 399 1076 Verum
417 1051 519 1089 pone
537 1051 676 1086 moras,
696 1046 736 1076 et
754 1039 924 1078 studium
942 1039 1040 1078 lucri
1055 1053 1066 1085 ς

254 1102 541 1154 Nigrorumque
560 1117 719 1150 memor,
745 1104 837 1141 dum
855 1104 962 1150 licet,
988 1103 1148 1155 ignium,

252 1166 379 1205 Misce
397 1167 599 1205 stultitiam
618 1168 785 1206 consiliis
803 1169 982 1205 brevem:

354 1231 484 1270 Dulce
503 1239 562 1270 est
581 1232 757 1283 desipere
775 1231 816 1270 in
833 1232 932 1271 loco.

533 1448 646 1485 ODE
701 1448 814 1485 XIII.

555 1589 616 1616 AD
646 1589 795 1615 LYCEN.

250 1686 497 1731 Avmvmuz,
516 1683 649 1735 Lyce,
677 1683 718 1720 di
735 1695 822 1720 mea
839 1690 952 1727 vota3
978 1683 1019 1721 di

248 1749 460 1795 Audivere,
487 1748 619 1800 Lyce:
647 1748 692 1785 fis
710 1761 819 1795 anus,
847 1755 887 1786 et
904 1754 1032 1787 tamen

299 1813 368 1850 Vis
386 1813 552 1851 formosa
569 1812 705 1858 videri,

350 1877 548 1929 Ludisque
567 1884 607 1915 et
624 1877 723 1915 bibis
741 1877 968 1927 impudens;

249 2008 301 2045 Et
321 2015 436 2045 cantu
455 2008 634 2053 tremulo,
663 2014 768 2058 pota,
798 2007 1028 2057 Cupidinem

246 2072 416 2109 Lentum
436 2072 629 2109 sollicitas.
657 2071 728 2108 Ille
747 2070 919 2117 virentis,
939 2077 979 2108 et

298 2136 450 2174 Doctae
466 2136 643 2186 psallere,
664 2134 784 2172 Chiae

349 2200 526 2238 Pulchris
545 2200 714 2239 excubat
731 2200 771 2238 in
789 2197 910 2251 genis.
