1370 2574
165 295 240 333 134
475 289 790 330 CARMINUM
840 289 914 331 IV.

559 500 675 540 ODE
729 499 822 539 VII.

507 630 569 657 An
598 628 882 659 TORQUATUM.

159 726 416 765 Dmruonnz
434 724 557 772 nives,
588 724 754 763 redeunt
765 725 846 774 jam
864 721 1039 774 gramina
1057 721 1219 775 campis,

418 789 712 839 Arboribusque
731 799 888 825 comae:

158 855 290 893 Mutat
309 863 413 893 terra
430 855 548 901 vices,
577 861 617 891 et
635 852 901 891 decrescentia
918 851 1019 904 ripas

416 917 592 956 Flumina
609 924 883 970 praetereunt:

157 982 308 1030 Gratia,
317 997 406 1022 cum
419 982 612 1034 Nymphis
625 982 867 1034 geminisque
880 980 1090 1028 sororibus,
1097 980 1217 1020 audet

415 1048 576 1086 Ducere
595 1047 701 1085 nuda
720 1047 876 1085 chorus.

155 1115 394 1153 Immortalia
411 1127 462 1152 ne
481 1126 626 1164 speres,
646 1120 781 1150 monet
800 1112 956 1159 Annus,
974 1118 1015 1151 et
1035 1112 1182 1150 almum

413 1180 524 1222 Quae
543 1178 644 1230 rapit
664 1177 777 1215 Hora
795 1176 912 1215 diem.

154 1243 316 1294 Frigora
329 1243 540 1282 mitescunt
552 1242 742 1294 Zephyris
755 1256 765 1279 ε
785 1241 866 1280 Ver
876 1241 1042 1294 proterit
1055 1241 1214 1289 Aestas,

412 1308 625 1346 Interitura
643 1307 757 1346 simul

154 1373 327 1411 Pomifer
347 1374 572 1411 Autumnus
590 1373 723 1423 fruges
743 1372 948 1410 effuderit:
976 1378 1017 1409 et
1034 1383 1130 1409 mox

413 1437 558 1474 Bruma
576 1436 742 1474 recurrit
760 1436 877 1473 iners.

154 1502 308 1541 Damna
325 1508 457 1539 tamen
475 1500 623 1539 celeres
648 1506 831 1551 reparant
853 1497 1040 1537 coelestia
1061 1499 1197 1539 lunae:

412 1564 509 1612 Nos,
529 1565 594 1602 ubi
614 1564 846 1610 decidimus,

150 1632 241 1674 Quo
259 1630 347 1682 pius
366 1631 536 1677 Aeneas,
557 1643 634 1681 quo
654 1629 790 1667 Tullus
808 1628 931 1676 dives,
952 1635 998 1667 et
1015 1627 1168 1676 Ancus,

410 1691 543 1732 Pulvis
561 1702 603 1732 et
621 1694 759 1732 umbra
775 1705 920 1732 sumus.

154 1760 251 1803 Quis
265 1760 353 1808 scit,
368 1773 418 1798 an
430 1760 617 1810 adjiciant
633 1758 844 1797 hodiernae
857 1756 1026 1796 crastina
1038 1769 1214 1798 summae

412 1825 607 1876 Tempora
625 1823 666 1861 di
684 1822 850 1874 superi?

154 1892 308 1930 Cuncta
324 1904 461 1929 manus
480 1889 610 1928 avidas
628 1888 783 1940 fugient
800 1888 970 1936 heredis,
988 1888 1115 1927 amico

411 1956 521 1997 Quae
542 1953 695 1992 dederis
715 1953 856 1991 animo.

152 2022 252 2059 Cum
270 2019 389 2058 semel
409 2018 612 2065 occideris,
631 2026 673 2056 et
691 2018 740 2056 de
758 2024 798 2055 te
818 2015 1022 2068 splendida
1039 2015 1175 2055 Minos

410 2083 566 2121 Fecerit
583 2082 758 2126 arbitria;

155 2151 260 2199 Non,
280 2150 491 2202 Torquate,
511 2160 649 2199 genus,
669 2160 749 2184 non
766 2154 806 2186 te
823 2146 1020 2197 facundia,
1039 2161 1119 2188 non
1136 2153 1177 2187 te

410 2213 607 2252 Restituet
624 2212 761 2266 pietas.
