1370 2574
495 308 768 349 NOTULAE
1084 310 1159 348 199

388 399 436 427 m
464 399 550 426 mn.
577 399 607 426 1.
635 397 888 426 minumum.

106 487 160 526 ab
177 484 356 525 omnibus
372 484 454 523 fere
471 483 580 524 libris
597 482 752 535 scriptis
778 483 899 521 abest.
951 481 1078 520 Aldus
1096 480 1164 519 ‹le-

109 564 217 590 mum
234 550 383 589 laboras
400 549 441 588 in
458 550 608 601 recepit
626 549 666 586 in
685 553 928 586 contextum.

162 614 331 654 XXVII.
346 617 421 654 24.
473 613 671 667 Illigatum
698 612 909 652 Chimaera.
962 610 1043 650 Alii
1075 609 1165 649 Chi-

109 692 272 726 maerae,
290 679 395 731 quod
412 678 550 718 melius
569 677 736 716 videtur.

162 743 365 783 XXVIII.
379 744 418 784 7.
472 742 594 780 Hunc
612 742 740 780 locum
772 740 827 779 ita
844 739 1089 779 distinximus
1119 747 1164 779 ut

110 807 307 848 sententia
323 808 398 846 sitz
437 811 464 831 ‘⁴
490 806 650 845 Occidit
666 812 706 844 et
725 804 880 856 Pelopis
902 804 1070 855 genitor,
1096 804 1167 843 etsi

110 876 140 898 “
157 871 320 912 conviva
337 871 521 915 deorum;
547 870 831 922 Tithonusque,
849 869 919 907 etsi
935 876 1106 908 remotus
1123 869 1163 908 in

109 940 140 961 ‘⁶
155 948 283 984 auras,
309 935 389 974 sive
406 935 447 974 in
464 935 616 974 coelum
634 934 812 986 raptus.'’

134 1016 138 1019 ⁴
165 1003 226 1039 14.
277 1000 415 1039 Judice
430 1013 487 1039 me
519 998 751 1038 emendabat
767 998 859 1037 Jani
876 1005 1014 1037 contra
1030 1011 1166 1037 omnes

109 1064 252 1110 libros3
278 1065 345 1117 qui
363 1071 401 1103 te
417 1064 632 1103 exhibent:
671 1063 698 1101 i.
715 1076 752 1101 e.
774 1075 890 1114 quem
919 1063 981 1100 vel
1011 1070 1056 1102 tu
1085 1075 1165 1102 non

113 1130 311 1169 sordidum
325 1129 478 1180 judices
497 1135 696 1167 auctorem
714 1134 874 1165 naturae
890 1127 1063 1179 verique.

163 1197 226 1233 18.
280 1194 440 1232 Avidum
467 1193 556 1231 libri
585 1193 716 1245 plures
753 1199 795 1230 et
825 1191 1017 1230 meliores.
1082 1192 1165 1232 Alii

109 1257 246 1306 avidis,
270 1258 380 1310 quod
396 1258 523 1296 minus
540 1264 674 1308 aptum
691 1255 857 1294 videtur.

166 1325 228 1362 19.
290 1323 506 1362 Densentur
540 1322 628 1360 libri
661 1321 817 1372 quidam
845 1320 963 1359 etiam
995 1321 1166 1373 optimae

111 1393 253 1431 notam
279 1399 395 1439 quam
412 1386 623 1425 lectionem
640 1385 771 1423 Bentl.
801 1386 988 1436 reposuit,
1015 1394 1055 1425 et
1084 1386 1165 1426 Lu-

111 1451 225 1490 cretii
240 1451 475 1490 auctoritate
507 1457 654 1489 tuetur.
706 1448 787 1487 Sed
812 1449 962 1488 variant
988 1449 1166 1489 Lucretii

112 1515 230 1555 etiam
252 1515 371 1555 MSS.
397 1515 522 1554 Nobis
538 1514 772 1554 tutissimum
799 1513 1004 1553 videbatur
1034 1516 1165 1554 analo-

113 1580 217 1631 giam
242 1580 420 1632 Linguae
446 1578 612 1618 Latinae
640 1579 765 1630 sequi,
792 1579 902 1617 libris
916 1579 1166 1620 variantibus.

111 1643 345 1684 Lectionem
358 1637 478 1696 igitur
490 1644 700 1694 vulgatam,
714 1642 931 1691 densantur,
949 1643 988 1681 in
1002 1652 1165 1684 contex-

113 1714 197 1747 tum
215 1708 468 1755 restituimus,
495 1720 610 1759 quam
627 1706 716 1745 libri
739 1707 874 1759 scripti
903 1714 945 1746 et
974 1707 1165 1748 editiones

113 1771 264 1825 priscae
279 1779 451 1811 tuentur.

165 1839 229 1876 81.
282 1837 378 1876 Fors
394 1843 430 1875 et
449 1836 611 1888 Cruquii
630 1848 764 1874 omnes
781 1843 936 1887 praeter
964 1849 1098 1884 unum,
1125 1845 1168 1878 et

114 1899 284 1940 Bentleii
301 1901 461 1953 optimi;
486 1901 592 1953 quod
608 1901 839 1939 variationes
839 1901 966 1953 forsit
982 1908 1024 1940 et
1033 1903 1166 1953 sor-ret

115 1966 210 2006 satis
225 1966 395 2004 firmant.
446 1966 595 2004 Forsan
612 1964 689 2003 alii.

168 2029 316 2068 XXIX.
358 2033 419 2069 13.
486 2028 648 2075 Nobilis,
687 2029 794 2081 quod
823 2028 863 2067 in
893 2029 1168 2081 antiquissimis

115 2093 349 2132 membranis
365 2100 439 2142 est,
466 2107 538 2146 pro
563 2093 734 2146 genitivo
751 2093 878 2145 accipi
894 2094 976 2132 vult
996 2094 1167 2132 Bentlei-

117 2170 189 2203 us3
214 2170 348 2199 omnes
365 2158 488 2198 ceteri
504 2172 576 2213 pro
593 2171 723 2199 accus.
736 2158 890 2211 plurali,
917 2159 1022 2211 quod
1039 2158 1169 2211 aptius

117 2221 286 2263 videtur.
