1370 2574
458 289 771 333 CARMINUM
823 290 855 328 1.
1160 290 1186 330 7

541 539 657 579 ODE
709 539 780 578 1v.

477 682 539 709 AD
567 682 606 708 L.
634 681 835 709 SEXTIUM.

136 774 357 816 Somnum
366 774 466 815 acris
475 771 599 815 hienis
612 783 723 828 grata
736 775 821 814 vice
840 774 940 814 veris
957 782 998 812 et
1017 773 1175 822 Favoni,

238 841 491 893 Trahuntque
508 841 631 879 siccas
648 838 850 878 machinae
869 839 1042 878 carinas:

137 906 201 946 Ac
212 918 339 957 neque
345 907 426 957 jam
437 906 596 944 stabulis
606 905 753 957 gaudet
765 917 900 956 pecu&
914 910 982 942 aut
994 911 1122 943 arator
1133 904 1189 956 ig-

239 968 327 1008 Nec
343 977 455 1021 prata
471 969 577 1008 canis
594 969 764 1007 albioent
779 968 939 1020 pruinis.
1105 969 1190 1018 [οἱς

135 1034 163 1073 J
164 1034 422 1086 amCytherea
433 1035 572 1073 choros
583 1033 1192 1079 ducitVenus‚i1nminenteLuna;

240 1098 268 1136 J
269 1105 487 1149 unctaeque
497 1098 678 1148 nymphis
683 1097 843 1135 Gratiae
854 1098 1039 1135 decentes

141 1163 306 1201 Aloemo
322 1170 465 1200 terram
484 1161 663 1213 quatiunt
679 1161 802 1212 pede:
832 1161 924 1199 dum
941 1175 1080 1213 graves
1102 1163 1179 1215 Cy-

452 1226 610 1277 clopum

243 1291 440 1330 Vulcanus
457 1290 596 1328 ardens
614 1290 692 1328 urit
708 1290 889 1329 officinas.

140 1355 258 1395 Nunc
264 1357 379 1395 decet
388 1362 456 1394 aut
466 1355 577 1392 viridi
589 1355 752 1393 nitidum
764 1363 882 1407 caput
893 1356 1080 1408 impedire
1091 1370 1193 1408 myr-

244 1420 329 1458 Aut
340 1420 452 1466 flore,
469 1427 596 1458 terrae
614 1432 730 1471 quem
746 1419 878 1458 ferunt
891 1421 1054 1458 solutae.
1112 1423 1191 1470 [to‚

142 1484 260 1524 Nunc
272 1491 314 1523 et
326 1484 366 1522 in
375 1484 565 1522 umbrosis
577 1484 709 1522 Fauno
720 1484 836 1523 decet
847 1484 1044 1523 immolare
1058 1486 1168 1531 lucis,

246 1548 326 1587 Seu
342 1555 478 1600 poscat
494 1561 610 1599 agna,
627 1548 707 1586 sive
724 1548 833 1586 malit
850 1549 990 1586 haedo·-

142 1612 292 1651 Pallida
307 1612 417 1650 Mors
433 1625 558 1663 aequo
574 1612 702 1663 pulsat
712 1612 815 1663 pede
825 1625 1039 1663 pauperum
1052 1614 1178 1652 taber·

450 1689 533 1723 nae,
792 1694 799 1701 ·

247 1741 479 1794 Regumque
497 1749 636 1780 turres.
664 1741 701 1779 O
718 1742 833 1779 beate
854 1741 966 1779 Sexti
981 1744 991 1779 !

142 1806 258 1845 Vitae
268 1819 416 1844 summa
424 1806 552 1844 brevis
563 1818 672 1857 spem
682 1818 752 1843 nos
763 1812 869 1844 vetat
886 1805 1069 1843 inchoare

450 1871 621 1921 longam.

248 1935 336 1974 Jam
349 1942 388 1973 te
401 1941 553 1986 premet
563 1947 656 1981 nox,
667 1932 899 1986 fabulaeque
910 1933 1064 1980 Manes,

149 2001 200 2039 Et
216 2001 353 2039 domus
369 2000 482 2040 exilis
500 1999 702 2038 Plutonia:
731 2012 808 2051 quo
826 1999 938 2037 simul
955 1999 1108 2045 mearis,

250 2065 337 2103 Nec
354 2078 473 2117 regna
490 2063 570 2102 vini
586 2064 747 2102 sortiere
764 2064 864 2111 talis,

149 2128 234 2167 Nec
246 2127 603 2180 tenerumLycidan
614 2127 818 2174 mirabere,
826 2141 903 2179 quo
914 2128 1015 2167 calet
1019 2130 1202 2179 juventus

254 2192 370 2230 Nunc
388 2193 525 2240 omnis,
539 2200 580 2232 et
597 2206 690 2232 mox
708 2193 875 2244 virgines
894 2192 1095 2243 tepebunt.
