1370 2574
166 300 241 340 182
559 301 827 344 NOTULAE

446 392 491 419 m
520 392 605 420 mn.
633 395 662 421 1.
689 395 940 424 omimium(-

160 481 191 500 “
209 482 299 523 tum,
319 476 504 525 ferocem,
536 479 703 531 desuper
734 480 1013 529 imminentem,
1044 482 1212 522 obvertit

160 547 190 565 ‘⁴
208 542 355 580 vultum
375 557 511 591 acrem,
526 546 1001 585 truculentum.”—Forte
1019 560 1042 585 e
1059 547 1214 599 pictura

162 607 326 658 quadam
347 608 447 647 hanc
466 609 672 661 imaginem
697 611 810 650 duxit
837 613 967 664 poe'ta.
1007 612 1141 652 confer
1171 619 1213 652 et

159 672 351 710 Johnsoni
372 674 494 712 Arist.
522 675 565 713 P.
586 676 618 713 Ι.
636 691 674 728 p.
696 680 757 723 16,
777 685 817 715 et
834 689 942 729 seqq.

212 751 287 789 ΙΙΙ.
318 755 352 790 l.
409 753 470 791 Sic
488 759 524 791 te
541 754 660 800 Diva,
688 757 758 792 διε.
787 754 935 793 Omnes
948 755 1038 794 inde
1052 768 1076 794 a
1093 742 1210 794 Lam-

158 817 251 857 bino
271 831 366 869 quos
383 818 545 856 viderim
564 818 795 870 interpretes
812 819 917 858 hunc
935 819 1067 858 locum
1085 820 1209 871 expli-

156 889 268 921 cant:
299 888 325 906 “
356 883 392 920 Ο
410 883 534 922 navis!
554 883 758 935 Virgilium
777 884 1011 923 incolumem
1031 884 1210 923 Athenas

157 951 184 970 “
203 948 358 998 perfer:
386 961 432 986 ea
450 949 550 999 lege,
581 949 660 988 sive
680 949 919 996 conditione,
950 948 1022 987 tibi
1053 962 1208 988 cursum

155 1017 184 1037 “
203 1013 372 1052 faustum
391 1021 431 1052 et
448 1013 600 1053 felicem
621 1013 787 1052 vicissim
806 1014 988 1066 precor.”
1057 1014 1132 1061 Sic,
1164 1021 1209 1054 ut

155 1077 239 1120 ἑτως
259 1080 362 1130 apud
377 1079 564 1126 Graecos,
583 1079 784 1130 eleganter
798 1086 1003 1131 usurpatur
1019 1079 1059 1116 in
1077 1078 1207 1118 obtes-

154 1144 380 1190 tationibus,
399 1144 465 1181 ubi
485 1143 578 1194 quid
596 1144 644 1181 ab
663 1144 786 1182 altero
804 1144 985 1195 petimus,
1015 1143 1127 1195 eique
1150 1143 1206 1181 vi-

155 1210 282 1248 cissim
310 1221 526 1261 precamur,
546 1209 650 1260 quod
664 1209 736 1261 ipsi
747 1215 902 1260 gratum
917 1207 1001 1247 fore
1011 1215 1206 1260 putamus.

150 1274 214 1312 Ita
228 1274 383 1324 saepius
401 1274 505 1324 apud
524 1273 733 1311 Horatium
748 1287 758 1310 ε

153 1372 205 1409 At
223 1377 277 1417 tu,
296 1376 425 1416 nanta,
441 1384 558 1422 vagae
574 1384 621 1408 ne
630 1384 747 1422 parce
763 1369 948 1423 malignus
965 1384 1104 1408 arenae

361 1435 509 1473 Ossibus
523 1441 558 1472 et
576 1435 691 1487 capiti
706 1435 896 1473 inhumato

150 1499 385 1539 Particulam
397 1500 511 1537 dare:
526 1511 603 1544 src,
612 1500 849 1551 quodcunque
859 1499 1062 1538 minabitur
1076 1499 1206 1538 Eurus

356 1563 546 1602 Fluctibus
567 1563 776 1616 Hesperiis,
812 1563 1016 1601 Venusinae

148 1629 373 1669 Plectantur
389 1628 516 1675 silvae,
544 1634 581 1666 te
597 1628 743 1681 sospite.
796 1628 925 1666 Carm.
943 1627 976 1665 Ι.
988 1627 1124 1666 xxviii.
1138 1631 1202 1668 23.

137 1728 221 1774 ⁴At,
241 1727 271 1764 si
292 1726 479 1764 Horatius
496 1739 724 1778 prosperum
745 1725 924 1763 Athenas
956 1738 1111 1764 cursum
1134 1737 1202 1764 na-

148 1792 184 1831 vi
203 1798 386 1843 precatur
404 1804 450 1829 ea
467 1791 570 1842 lege,
603 1791 635 1828 si
655 1790 860 1841 Virgilium
890 1780 1137 1829 incolumem
1152 1802 1202 1829 eo

147 1856 312 1902 vexerit,
339 1856 457 1894 verba
474 1856 530 1894 sic
557 1862 723 1906 accepta
739 1854 896 1892 absurdi
914 1854 1060 1906 aliquid
1078 1854 1201 1893 conti-

147 1932 240 1958 nere
259 1919 452 1957 videntur.
493 1920 584 1957 Non
603 1920 706 1958 enim
722 1919 908 1970 Virgilius
921 1918 1124 1957 incolumis
1143 1918 1200 1956 A·

145 1985 283 2024 thenas
302 1984 535 2022 deferendus
563 1992 660 2031 erat,
687 1991 727 2022 et
757 1983 863 2022 navis
882 1982 1022 2021 deinde
1040 1994 1198 2034 prospe-

145 2062 230 2087 rum
249 2061 297 2086 eo
317 2062 471 2087 cursum
490 2049 693 2093 habitura;
720 2049 788 2087 sed
803 2055 1009 2098 utrumque
1027 2046 1140 2084 simul
1158 2053 1199 2085 et

145 2113 268 2166 semel·
283 2112 437 2150 evenire
457 2113 673 2163 oportebat.
726 2111 856 2150 Verba
874 2111 1004 2162 potius
1021 2110 1097 2148 hoc
1115 2122 1197 2148 mo-

145 2179 196 2220 do
213 2176 441 2229 accipienda
457 2177 637 2214 videntur
653 2190 662 2214 ε
683 2181 710 2200 “
730 2176 766 2214 Ο
786 2177 913 2214 navis!
944 2176 1008 2214 Sic
1021 2176 1109 2214 diva
1126 2187 1196 2226 po·

147 2248 172 2266 “
192 2250 276 2280 tens
297 2242 430 2295 Cypri,
449 2245 519 2280 ἃς.
546 2249 657 2293 regat
676 2249 730 2287 te,
751 2253 806 2280 UT
828 2241 1034 2292 Virgilium
1053 2240 1092 2278 in
1109 2239 1194 2278 fini-
