1370 2574
150 269 199 307 12
478 266 791 309 CARMINUM
842 269 876 310 1.

359 377 462 421 Quid
480 378 589 426 latet,
608 385 653 417 ut
669 378 841 417 marinae
1103 425 1106 427 ,

151 440 289 480 Filium
308 440 443 479 dicunt
463 440 639 479 Thetidis
657 443 730 481 sub
746 442 949 483 lacrimosa
966 443 1107 497 Trojae

357 506 524 553 Funera,
542 518 592 544 ne
610 505 730 546 virilis
776 501 780 504 ⁴

151 571 287 614 Cultus
306 572 345 610 in
364 571 524 614 caedem
542 578 584 614 et
600 571 742 624 Lycias
766 573 986 631 proriperet
1003 576 1206 633 catervas)

555 788 670 827 ODE
724 788 795 827 IX.

456 931 516 957 AD
547 931 887 960 THALIARCHUM.

248 1026 396 1071 ans,
424 1032 468 1063 ut
486 1025 564 1063 alta
581 1032 659 1064 stet
676 1026 764 1064 nive
784 1026 992 1069 candidum

248 1089 423 1136 Soracte,
442 1102 516 1127 nec
529 1091 610 1140 jam
629 1091 845 1129 sustineant
862 1103 961 1130 onus

300 1154 426 1192 Silvae
446 1154 678 1201 laborantes,
706 1156 876 1207 geluque

348 1218 524 1256 Flumina
542 1219 789 1263 constiterint
806 1227 934 1258 acuto.

243 1346 422 1385 Dissolve
440 1346 576 1398 frigus,
594 1346 701 1399 ligna
717 1359 834 1399 super
851 1347 942 1387 foco

239 1411 369 1463 Large
388 1424 605 1463 reponens3
632 1419 750 1463 atque
769 1413 975 1464 benignius

290 1477 493 1526 Deprome
513 1476 755 1527 quadrimum
772 1476 928 1523 Sabina,

343 1539 380 1578 O
400 1539 653 1580 Thaliarche!
680 1552 831 1580 merum
849 1541 968 1585 diota.

238 1669 426 1713 Permitte
444 1669 540 1708 divis
559 1676 715 1715 ceter-an
743 1669 809 1723 qui
826 1670 941 1710 simul

239 1735 419 1777 Stravere
432 1742 569 1773 ventos
587 1748 757 1787 aequore
775 1734 925 1774 fervido

288 1799 600 1852 Depraeliantes‚
619 1813 693 1839 nec
712 1799 899 1852 cupressi,

341 1865 428 1903 Nec
445 1871 597 1904 veteres
616 1865 814 1918 agitantur
831 1863 930 1905 orni.

236 1995 341 2037 Quid
357 1995 407 2033 sit
423 1995 594 2034 futurum
615 2009 713 2043 cras,
731 1996 826 2048 fuge
845 2007 1044 2048 quaerere,
1071 2002 1126 2044 et,

234 2060 361 2102 Quem
381 2059 474 2097 Fors
492 2060 641 2098 dierum
661 2074 827 2112 cumque
846 2060 966 2108 dabit,
993 2060 1103 2100 lucro

285 2122 482 2175 Appone;
507 2137 581 2162 nec
600 2124 733 2163 dulces
751 2137 901 2164 amores

340 2187 487 2243 Sperne
505 2201 616 2245 puer,
635 2202 761 2245 neque
779 2196 823 2230 tu
841 2189 1014 2240 choreas,
