1370 2574
154 281 206 317 80

463 273 778 314 CARMINUM
829 274 909 315 HL

257 387 347 425 Non
366 386 465 424 haec
478 387 639 435 jocosae
659 384 899 431 conveniunt
914 384 1024 437 lym
1039 398 1055 425 a

256 454 358 499 Quo,
388 451 518 496 Musa,
545 449 701 488 tendis?
731 449 866 488 desine
883 450 1083 501 pervim»

308 517 471 555 Referre
490 527 687 553 sermones
705 515 884 562 deorum,
910 521 954 554 et

356 581 508 632 Magna
523 579 647 618 modis
666 586 829 618 tenuare
846 579 988 632 pau-vis³

564 798 679 837 ODE
732 798 803 836 IV.

504 941 564 968 AD
600 940 857 967 CALLIOPEN.
895 953 898 956 ⁴

253 1037 485 1076 Dssscnums
505 1036 631 1081 coelo,
659 1042 700 1073 et
718 1034 783 1073 dic
802 1047 877 1086 age
893 1034 1005 1082 tibin,

254 1102 422 1153 Regina,
448 1101 623 1152 longum,
654 1099 846 1150 Calliope,
873 1099 1020 1145 melon

307 1166 387 1204 Seu
405 1178 502 1203 voce
522 1177 627 1202 nunc
648 1163 767 1202 mavis
786 1170 918 1210 acuta,

357 1230 437 1268 Seu
453 1229 594 1267 fidibus
613 1229 841 1280 citharaque
858 1227 1023 1267 Phoebi.

254 1361 439 1399 Auditis?
468 1373 518 1398 an
536 1373 599 1398 me
618 1358 720 1397 ludit
737 1359 913 1398 amabilis

252 1425 432 1464 Insania?
463 1424 614 1462 Audire
642 1431 684 1461 et
700 1424 837 1461 videor
854 1423 941 1474 pios

304 1489 445 1527 Errare
464 1501 534 1540 per
551 1488 676 1534 lucos»,
704 1499 893 1526 amoenae

356 1556 465 1597 Quos
483 1560 524 1592 et
542 1565 665 1604 aquae
683 1553 868 1599 subeunt,
894 1558 938 1590 et
953 1563 1084 1591 aurae.

255 1687 325 1724 Me
343 1685 540 1724 fabulosae
559 1684 727 1722 Vulture
746 1683 786 1722 in
804 1683 982 1736 Appula,

263 1751 419 1790 Altricis
438 1758 552 1789 extra
570 1750 689 1788 limen
708 1748 895 1800 Apuliae,

307 1816 422 1853 Ludo
440 1815 723 1865 fatigatumque
742 1826 895 1860 somno,

359 1879 512 1917 Fronde
530 1891 631 1916 nova
647 1891 812 1930 puerum
829 1877 1030 1930 palumbes

264 2011 297 2048 T
299 2021 417 2048 exere
437 2024 446 2047 ε
475 2010 615 2047 mirum
634 2009 741 2060 quod
756 2009 860 2047 foret
876 2007 1070 2055 omnibus,

257 2075 491 2125 Quicunque
512 2075 639 2112 celsae
658 2074 794 2112 nidum
812 2072 1101 2120 Acherontiae,

312 2138 520 2190 Saltusque
540 2138 742 2185 Bantinos,
771 2145 814 2177 et
829 2151 963 2177 arvum

360 2203 511 2255 Pingue
530 2210 666 2243 tenent
683 2202 842 2243 humilis
858 2202 1039 2249 Forenti3
