1370 2574
356 298 678 342 CARMINUM-
721 295 795 334 IV.
825 309 827 313 ’
1053 294 1123 332 181

179 414 308 456 Nullis
324 412 510 465 polluitur
529 416 635 448 easta
652 408 789 447 domus
813 400 954 456 stupris
965 416 977 440 t

179 482 287 528 Mos,
311 486 352 517 et
368 478 433 515 lex
451 474 690 514 maculosum
707 470 880 510 edomuit
897 468 1027 507 nefas:

179 545 407 584 Laudantur
424 539 536 578 simili
555 537 663 590 prole
681 546 896 587 puerperae
910 547 922 571 ε

284 607 449 658 Culpam
466 603 599 642 Poena
615 600 757 653 premit
775 611 919 638 comes.

181 739 280 783 Quis
292 736 479 775 Parthum
489 733 651 786 paveat?
664 731 751 783 quis
760 729 932 782 gelidum
941 726 1129 780 Scythen?

182 803 295 849 Quis,
321 798 533 839 Germania
546 809 643 848 quos
656 795 812 834 horrida
830 793 997 845 parturit

182 867 315 913 Fetus,
342 862 526 903 incolumi
544 860 738 900 Caesare?
769 859 855 911 quis
872 857 981 896 ferae

284 929 439 968 Bellum
457 933 568 965 curet
586 924 765 963 rhetiae?

184 1059 329 1100 Condit
345 1058 508 1109 quisque
527 1055 630 1094 diem
648 1053 812 1092 collibus
829 1054 870 1090 in
887 1051 981 1100 suis,

185 1125 240 1163 Et
256 1124 376 1162 vitem
393 1120 527 1159 viduas
546 1118 655 1157 ducit
672 1118 723 1155 ad
739 1117 896 1155 arbores
909 1130 921 1153 ι

183 1189 294 1228 Hinc
311 1188 363 1226 ad
377 1186 468 1224 vina
483 1183 585 1222 redit
601 1182 741 1228 laetus,
768 1188 809 1218 et
826 1180 959 1221 alteris

290 1252 349 1291 Te
366 1249 509 1289 mensis
525 1247 685 1287 adhibet
702 1245 818 1284 deum
830 1258 842 1282 ι

189 1383 249 1422 Te
266 1381 387 1419 multa
402 1392 535 1432 prece,
552 1386 593 1417 te
610 1375 854 1429 prosequitur
877 1385 985 1412 mero

188 1445 341 1484 Desuso
358 1444 528 1495 pater-im
544 1449 586 1480 et
602 1441 769 1479 Laribus
787 1447 896 1477 tuum

191 1511 339 1549 Miscet
354 1521 512 1554 numen,
540 1506 599 1544 uti
615 1505 784 1543 Graecia
802 1503 972 1542 Castoris

291 1573 345 1611 Et
361 1571 506 1622 magni,
523 1582 684 1615 memor,
711 1567 907 1606 Herculis.

190 1704 348 1754 Longas
365 1715 390 1740 o
406 1700 568 1745 utinam,
595 1698 691 1735 Dux
707 1698 825 1743 bone,
843 1696 959 1735 ferias

191 1765 370 1807 Praestes
388 1763 625 1816 Hesperiae!
651 1762 815 1800 dicimus
832 1761 983 1812 integro

194 1833 298 1871 Sicci
315 1843 427 1869 mane
445 1829 523 1874 die,
541 1827 704 1866 dicimus
722 1826 841 1873 uvidi,

297 1897 396 1935 Cum
416 1893 482 1933 Sol
499 1892 661 1930 Oceano
677 1892 822 1929 subest.
