1370 2574
197 277 276 316 200
594 277 871 339 NOTULAE·

475 367 523 393 IN
550 367 635 394 LIB.
663 369 693 395 1.
719 368 973 396 CARMINUM.

245 451 393 489 XXXI.
437 454 473 490 3.
538 452 767 505 Complures
808 454 897 492 libri
939 452 1073 506 scripti
1107 454 1251 508 opimae

190 517 396 567 -3ferace32

243 585 281 621 9.
338 581 514 620 Calenam
532 582 684 621 emend.
704 582 831 621 Bentl.
864 583 972 622 nulla
987 583 1129 623 idonea
1157 584 1249 624 rati-

191 659 279 684 one.

246 716 304 751 lo.
356 712 476 751 Dives
490 719 531 751 ut
545 713 688 752 habent
703 713 781 751 duo
795 713 1042 752 vetustissimi
1057 727 1108 752 ex
1122 714 1244 754 Bent-

187 778 335 816 leianis.
1228 791 1233 795 ·

240 847 300 882 15.
355 842 432 880 Pro
450 842 553 893 vulg.
578 848 753 894 pascunt,
782 842 911 882 Bentl.
929 843 1129 896 rescripsit
1149 858 1242 898 pas-

183 913 271 945 cant
288 920 339 945 ex
358 907 456 945 libro
474 907 643 958 script03
669 914 709 945 et
732 907 790 945 sic
807 908 925 946 etiam
943 907 1029 946 edd.
1050 908 1240 960 quaedam

181 979 347 1010 veteres.

237 1039 297 1075 18.
352 1037 421 1084 Ac,
446 1050 598 1088 precor,
631 1049 763 1074 omnes
783 1037 956 1088 Cruquii.
1008 1037 1103 1076 Post
1120 1041 1240 1078 mente

180 1101 468 1139 distinctionem
486 1101 627 1139 tollunt
646 1101 774 1139 Bentl.
803 1109 843 1139 et
862 1101 1057 1153 Cuningh.

230 1165 400 1203 XXXII.
433 1169 467 1203 1.
511 1165 915 1204 Poscimur—carmen
946 1165 1038 1204 sciz-
1084 1165 1236 1205 Eodem

176 1232 288 1270 modo
322 1231 718 1282 Pindams--Amopaaea
749 1247 898 1285 χςυπαιν
924 1243 1070 1271 κοιλία-αι
1101 1249 1234 1283 μασιν.

176 1301 272 1339 Isth.
291 1318 320 1342 η.
342 1301 402 1338 10.
421 1305 462 1336 et
481 1298 904 1345 Ovidius—Posdmur‚
930 1299 1106 1338 Aonides.
1121 1299 1235 1338 -Met.

175 1366 224 1403 V.
243 1368 331 1403 333.
351 1363 432 1401 Alii
442 1362 640 1414 poscimus,
660 1362 777 1399 etiam
796 1374 848 1400 ex
865 1362 987 1401 MSS.
1014 1362 1098 1401 Pro
1123 1362 1231 1414 vulg.

173 1430 317 1476 umbra,
346 1427 474 1465 Bentl.
494 1439 544 1464 ex
564 1439 643 1464 uno
662 1426 799 1464 codice
817 1427 1016 1478 rescripsit
1039 1434 1162 1466 antro.

226 1497 286 1533 15.
343 1493 518 1543 Cumque,
538 1490 709 1528 omnium
727 1490 914 1529 librorum
927 1490 1061 1537 lectio,
1074 1491 1230 1530 videtur

169 1559 274 1597 idem
292 1556 420 1595 valere
451 1567 498 1593 ac
516 1554 750 1606 quandoque
781 1554 808 1592 i.
837 1566 872 1593 e.
902 1554 1227 1607 quandocunque.

169 1623 258 1660 Vid.
279 1622 499 1660 CuNmGn.
527 1618 711 1656 Animad.
729 1631 769 1669 p.
787 1620 876 1658 239.

219 1685 411 1724 XXXIII.
459 1687 519 1723 14.
585 1682 758 1737 Myrtale
790 1683 1021 1722 vetustiores
1065 1696 1226 1730 omnen

166 1752 271 1805 quod
289 1751 447 1802 vulgare
475 1748 741 1786 libertinarum
774 1760 991 1798 cognomen
1021 1747 1142 1787 fuisse
1170 1760 1223 1787 ex

119 1847 123 1850 ⁴
165 1817 294 1856 multis
313 1814 487 1865 inscript.
514 1812 649 1851 docuit
667 1811 882 1850 Bentleius.

214 1879 401 1919 XXXIV.
428 1882 465 1918 5.
520 1877 597 1916 Pro
615 1877 774 1923 relictos,
801 1875 953 1915 relectos
983 1875 1136 1916 emend.
1166 1875 1219 1913 N.

163 1946 350 1984 Heinsius
369 1944 418 1982 ad
437 1942 551 1981 Ovid.
571 1942 671 1980 Met.
697 1940 810 1978 VIII.
831 1943 917 1982 173.
943 1947 984 1979 et
1015 1940 1072 1979 ita
1100 1939 1219 1981 etiam

160 2011 288 2050 Bentl.
307 2008 521 2060 ingeniose,
548 2007 616 2045 sed
635 2007 718 2045 sine
736 2005 981 2045 necessitate.

214 2079 275 2114 13.
328 2073 405 2112 Pro
424 2072 619 2124 insignem,
638 2070 790 2109 emend.
809 2069 938 2108 Bentl.
957 2069 1117 2123 insigne,
1136 2070 1216 2111 Cu·.

157 2140 291 2190 ningh.
310 2138 487 2191 insignia,
515 2136 626 2181 alter,
647 2143 688 2174 ut
706 2147 866 2186 genere,
883 2134 996 2181 alter,
1016 2142 1059 2174 ut
1075 2145 1215 2175 nume·

155 2217 199 2244 ro
218 2203 349 2251 etiam,
377 2201 569 2254 adJectiva
587 2200 689 2240 inter
706 2213 747 2241 se
767 2198 1031 2240 convenirent.
