1370 2574
164 249 243 285 206
565 241 835 283 NOTULAE

431 333 479 360 m
507 333 593 359 Lm.
620 333 669 359 11.
696 332 947 360 cummim.

161 421 291 468 solum,
305 420 385 458 sive
396 418 707 472 patriam,ficgit.
759 418 856 461 Quis
866 415 1035 470 patriam
1046 414 1214 466 fugiens,

163 501 202 525 se
220 493 375 538 quoq'ue
391 484 520 535 fugit?
548 490 702 522 servato
718 482 826 521 vocis
843 480 947 521 exsul
961 493 1077 519 sensu
1099 479 1216 531 pleno

162 564 210 590 ac
227 550 399 603 proprio,
426 556 601 587 servatur
619 548 737 586 etiam
750 546 965 585 antithesis.
1015 545 1080 583 Ita
1096 550 1217 584 extor-

163 616 233 662 ris,
261 616 309 653 ab
328 629 373 653 ex
390 622 431 652 et
449 620 565 651 terra.
1082 613 1086 618 '

215 679 346 717 XVII.
365 682 403 718 6.
455 677 533 716 Pro
551 677 684 724 altera,
704 676 824 715 MSS.
842 677 921 715 duo
938 675 1110 722 alteram,
1122 687 1219 727 quo-

163 745 281 783 modo
299 751 340 782 et
355 743 603 795 Porphyrion
618 742 759 793 legisse
770 741 936 780 videtur.
976 739 1067 778 vid.
1086 739 1221 778 Burm-

164 809 216 847 ad
235 810 338 847 Aen.
357 808 412 846 II.
430 809 521 848 647.

217 873 370 912 XV111.
397 876 460 912 30.
517 872 607 911 Orci
609 874 697 926 fine
714 872 861 911 habent
895 870 1026 910 Schol.
1054 876 1222 916 veteres,

164 952 385 990 magnoque
405 950 597 976 consensu
622 950 757 976 omnes
789 937 856 989 qui
886 943 1025 975 extant
1052 934 1223 981 codices,

166 1012 332 1056 quatuor
350 1003 543 1054 exceptis,
570 1009 611 1040 et
643 1002 836 1040 editiones
865 1002 1029 1053 priscae.
1066 1009 1226 1051 ,earm

164 1082 273 1115 τιλος,
292 1077 333 1106 et
350 1069 467 1108 oaera‘lu
484 1079 635 1112 πλευτη,
662 1067 766 1118 apud
794 1073 931 1118 poetas
949 1065 1126 1106 Graecos
1146 1067 1224 1106 fre-

167 1135 327 1188 quentia
344 1141 447 1172 sunt.
502 1133 584 1171 Alii
610 1132 701 1172 Orci
715 1131 813 1170 sede.

219 1199 308 1238 XX.
326 1202 364 1238 6.
409 1199 497 1236 Non
516 1211 596 1250 ego,
615 1210 720 1249 quem
738 1209 844 1234 vocas
859 1207 1056 1233 mutent.
1093 1195 1156 1234 Ita
1173 1208 1226 1235 ex

165 1263 360 1303 sententia
378 1261 562 1308 Acronis,
582 1261 733 1300 Comm.
753 1259 931 1311 Cruquii‚
950 1266 992 1298 et
1015 1259 1224 1299 multorum

166 1329 385 1373 doctorum,
405 1324 665 1371 distinximus,
697 1323 853 1361 insolita
875 1324 1085 1362 structura.
1139 1323 1226 1362 Nisi

167 1392 454 1430 desideraretur
472 1389 614 1435 adhuc,
643 1388 683 1425 in
702 1387 923 1438 hujusmodi
951 1387 1126 1435 vocibus,
1155 1399 1225 1426 ex-

165 1456 338 1507 emplum
351 1466 461 1492 casus
474 1452 699 1492 nominativi
711 1452 751 1489 in
762 1465 809 1490 -e
819 1465 897 1489 non
908 1463 1098 1503 personae
1109 1451 1225 1499 2dae,

164 1522 332 1560 libenter
346 1519 842 1570 interpungeremus—non
857 1528 947 1567 ego,
963 1528 1080 1567 quem
1092 1528 1224 1563 νοω,

165 1586 323 1631 dilecte,
343 1584 368 1621 i.
387 1596 422 1621 e.
441 1596 520 1620 non
539 1595 628 1632 ego,
647 1579 790 1628 dilecte,
814 1580 893 1618 sive
912 1579 1079 1628 dilectus,
1108 1592 1226 1632 quem

165 1662 295 1689 vocas.
347 1648 410 1686 Ita
428 1646 607 1685 Persius:

217 1768 228 1778 .
257 1768 267 1778 .
294 1768 305 1777 .
333 1767 343 1777 .
371 1738 434 1776 An
453 1738 579 1778 deceat
591 1735 802 1789 pulmonem
821 1748 991 1787 rumpere
1008 1733 1141 1781 ventis,

222 1805 421 1842 stemmate
439 1802 539 1854 quod
555 1801 674 1840 Tusco
692 1814 834 1839 ramum
850 1810 1091 1837 MILLESIME
1105 1797 1229 1837 ducis?

222 1868 462 1907 Censoremve
471 1872 587 1912 tuum,
607 1864 665 1904 vel
681 1865 787 1917 quod
803 1874 1036 1902 TRABEATE
1053 1861 1195 1901 salutas
1206 1862 1228 1901 8

945 1927 1026 1966 Sat.
1043 1927 1120 1966 111.
1137 1929 1202 1969 27.

171 2012 196 2049 i.
215 2023 251 2049 e.
269 2007 496 2055 millesimus,
511 2008 714 2046 trabeatus.

146 2132 148 2136 μ
226 2092 287 2127 11.
343 2088 511 2138 Superne
529 2098 662 2124 omnes
694 2084 776 2123 fere
794 2084 882 2122 libri
918 2083 1064 2136 scripti.
1116 2083 1230 2123 Unus

172 2161 241 2193 aut
257 2153 369 2199 alter,
387 2164 562 2205 superna,
583 2162 681 2202 quae
701 2147 918 2200 elegantior
932 2149 1052 2188 lectio
1063 2147 1230 2187 videtur.
