1370 2574
391 290 703 338 CARMINUM
754 287 829 327 III.
1082 284 1132 324 91

186 408 314 451 servit
331 407 528 458 Hispanae
546 410 657 441 vetus
674 399 796 439 hostis
812 409 916 444 orae,

187 474 394 518 Cantaber,
414 459 499 508 sera
517 467 684 506 domitus
703 471 862 503 catena:

187 539 278 578 Jam
297 536 466 589 Scythae
482 534 573 572 laxo
591 530 826 569 meditantur
842 538 935 566 areu

393 599 544 640 Cedere
562 596 718 647 campis.

191 730 421 784 Negligem,
433 741 485 766 ne
503 740 579 780 qua
595 724 762 779 populus
778 723 941 768 laboret,

193 796 314 835 Pasoe
331 794 502 846 privatus
520 791 680 830 nimium
700 800 862 828 cavere:

192 860 310 900 Dona
323 857 536 912 praesentis
553 868 649 908 cape
666 854 792 893 laetus
807 852 939 898 horae,
957 855 998 888 et

341 964 344 966 ,
393 921 547 973 Linque
565 930 710 958 severa.

444 1109 559 1149 ODE
611 1107 682 1146 IX.

435 1240 495 1266 AD
523 1236 707 1264 LYDIAM.

471 1316 668 1356 Horatius.

299 1383 448 1421 Donec
467 1389 599 1433 gratus
617 1391 721 1418 eram
739 1377 823 1424 tibi,

202 1449 288 1488 Nec
306 1448 505 1500 quisquam
522 1445 650 1497 potior
665 1443 825 1481 brachia
842 1440 1028 1481 candidae
1112 1457 1114 1459 ·

304 1511 455 1551 Cervici
469 1509 622 1561 juvenis
640 1508 771 1554 dabat,

202 1579 404 1617 Persarum
421 1573 527 1626 vigui
544 1586 637 1624 rege
653 1572 815 1610 beatior.

509 1636 648 1689 Lydia.
678 1664 681 1666 -

306 1704 446 1742 Donec
463 1714 542 1739 ιιοιι
558 1700 633 1738 alia
649 1699 771 1750 magis

234 1768 387 1813 Art-xisti,
405 1778 531 1817 neque
549 1771 633 1802 erat
650 1763 776 1815 Lydia
790 1770 880 1814 post
898 1762 1069 1809 Chloe‘n3

308 1830 427 1868 Multi
444 1829 570 1880 Lydia
586 1828 763 1875 nominis,

209 1897 383 1936 Romana
398 1894 502 1945 vigui
520 1893 657 1931 clarior
675 1891 757 1930 Ilia.

491 1957 688 1995 Horatius.

226 2053 234 2057 x
311 2023 382 2061 Me
399 2035 502 2061 nunc
520 2021 688 2059 Thressa
705 2019 830 2060 Chloe‘
844 2020 959 2072 regit,

211 2089 360 2128 Dulces
376 2089 492 2127 docta
507 2087 656 2133 modos,
674 2094 715 2125 et
732 2085 901 2124 citharae
919 2086 1065 2131 sciem3

315 2152 390 2191 Pro
408 2165 483 2204 qua
498 2165 576 2190 ιιοιι
594 2158 760 2189 metuam
779 2150 888 2196 mori,

216 2217 257 2255 Si
274 2225 433 2268 parcent
449 2217 598 2256 animae
613 2216 694 2256 fata
709 2214 917 2267 superstiti.
